3649 4681
1227 548 1334 653 33
1605 569 2019 628 M1Nuc11
2069 571 2475 631 rumore

1209 717 1444 811 dum,
1470 708 1589 793 vel
1625 706 2072 811 dolendum,
2123 708 2182 793 fi
2216 713 2678 825 quicumque
2699 716 2794 800 de

1223 850 1500 937 divinis
1523 860 1855 958 quaerat,
1874 845 2162 950 sentiat,
2183 845 2531 960 proferat
2553 887 2576 950 ς
2613 880 2793 935 cum

1230 1015 1397 1068 non
1434 984 1875 1095 disputantis
1916 988 2345 1087 auctorita,
2380 984 2508 1069 sed
2544 985 2795 1098 dispu-

1230 1124 1539 1205 tationis
1585 1120 1811 1232 ipfius
1840 1124 2109 1205 veritas
2157 1123 2617 1232 requiratur:
2682 1149 2796 1208 at-

1213 1289 1379 1370 -que
1416 1261 1668 1359 etiam,
1704 1287 1865 1369 quo
1886 1260 2306 1369 imperitior
2326 1257 2598 1362 sermo,
2636 1260 2794 1346 hoc

1207 1393 1582 1481 illustrior
1639 1398 1778 1478 est:
1842 1398 2211 1506 quoniam
2269 1426 2433 1481 non
2489 1395 2795 1482 fucatur.

1228 1563 1515 1644 pompa
1550 1529 1954 1615 facundiae
1999 1556 2076 1614 et
2117 1534 2423 1644 gratiae,
2476 1532 2643 1634 sed,
2703 1559 2793 1617 ut

1227 1671 1354 1767 est,
1383 1671 1559 1750 resti
1594 1667 1853 1779 regula
1873 1667 2292 1751 sustinetur.
2332 1699 2475 1752 nec
2496 1668 2789 1771 recus0,

1211 1806 1441 1917 quod
1480 1803 1861 1888 Caecilius
1906 1801 2214 1893 afferere
2270 1806 2472 1888 inter
2505 1807 2792 1915 praeci-

1223 1971 1378 2054 pua
1414 1938 1770 2023 connisus
1824 1940 1953 2038 est,
1996 1938 2398 2022 hominem
2435 1937 2648 2023 noffe
2678 1939 2788 2041 ⁴se,

1201 2101 1303 2162 «et
1330 2075 2216 2190 circumspicere-debere,
2242 2078 2425 2188 quid
2446 2078 2560 2180 fit,
2580 2079 2790 2162 unde

1225 2216 1341 2315 fit,
1363 2245 1597 2327 quare
1623 2216 1714 2301 fit
1726 2252 1750 2316 3
1774 2222 2035 2298 utrum
2056 2212 2450 2298 elementis
2469 2220 2788 2299 concre-

1205 2376 1376 2453 τηε,
1413 2382 1512 2434 an
1539 2353 2050 2434 concinnatus
2072 2352 2372 2449 atomio,
2411 2379 2508 2435 an
2529 2356 2788 2462 potius

1225 2518 1273 2571 a
1329 2489 1511 2571 Deo
1557 2485 1828 2588 factm,
1898 2484 2298 2587 formatuS,
2366 2490 2787 2571 animatus?

1215 2626 1439 2736 quod
1491 2620 1733 2736 ipsum
1769 2624 2164 2737 explorare
2212 2647 2289 2707 et
2332 2654 2590 2708 eruere
2631 2624 2791 2709 fine

1211 2762 1720 2858 universitatis
1772 2758 2263 2870 inquisitione
2316 2792 2480 2843 non
2532 2755 2795 2873 poffu·

1207 2899 1429 2999 ωε,
1463 2925 1639 2980 cum
1682 2901 1785 2979 ita
1832 2896 2341 2999 cohaerentia,
2413 2897 2788 3000 connexa,

1205 3033 1917 3136 -concatenata‘ssnt,
1940 3053 2052 3138 ut,
2077 3031 2215 3118 nifi
2238 3033 2651 3119 'divinitatis
2666 3017 2791 3119 ra-

1146 3249 1153 3256 .
1207 3171 1520 3267 ¹tionem
1563 3171 1968 3290 diligenter
2025 3169 2444 3272 exeufferis',
2499 3170 2781 3255 nescias

1209 3303 1277 3389 {h
1287 3310 1724 3401 umanitatis.
1735 3351 1759 3417 ς
1781 3309 2510 3426 necpoffispulehre
2520 3293 2785 3422 gerere
