3649 4681
1184 607 1286 670 12
1566 605 1979 668 MINUCII
2029 605 2417 668 FELICIS

1176 771 1522 849 currunt,
1549 746 1710 832 fine
1745 746 2057 843 delestu,
2075 744 2402 868 tanguni
2424 752 2596 842 loca
2618 745 2749 844 'fa-

1179 914 1305 969 cra
1340 909 1417 969 et
1448 886 1801 1000 profana,
1839 889 2200 975 homines
2236 897 2517 979 noxios
2559 895 2744 983 ferib

1177 1048 1349 1125 unt,
1382 1048 1458 1108 et
1493 1021 1706 1134 saepe
1736 1025 2148 1139 religiosos.
2199 1032 2386 1141 quid
2422 1024 2749 1146 tempes-

1180 1183 1367 1244 tates
1397 1158 1669 1272 loquar
1696 1163 1930 1253 varias
1954 1187 2031 1245 et
2051 1160 2418 1268 incertas}
2465 1168 2748 1280 quibus

1179 1296 1400 1383 nullo
1428 1299 1726 1400 ordine,
1750 1296 1869 1382 vel
1895 1303 2264 1405 examine,
2292 1334 2548 1391 rerum
2573 1337 2746 1392 om-

1179 1437 1398 1519 nium
1433 1438 1761 1549 impetus
1789 1430 2218 1522 volutatur?
2245 1443 2328 1525 in
2359 1442 2748 1560 naufragi·

1177 1574 1268 1672 is,
1306 1571 1697 1656 bonorum
1732 1572 2269 1688 malorumque
2298 1577 2461 1664 fata
2483 1585 2745 1686 mixta,

1179 1711 1450 1794 merita
1495 1707 1859 1794 confusa?
1908 1714 1991 1798 in
2030 1716 2432 1820 incendiiS,
2486 1722 2749 1805 interi·

1184 1870 1349 1931 tum
1374 1850 1783 1931 convenire
1809 1846 2230 1934 insontium
2256 1859 2750 1940 nocentium-

1184 1991 1378 2096 que?
1426 2006 1524 2085 et,
1564 2013 1741 2069 cum
1781 1983 1954 2067 tabe
1976 1985 2318 2097 pestifera
2340 1991 2537 2077 coeli
2561 2018 2749 2080 trac-

1184 2144 1306 2206 tus
1333 2112 1859 2224 inficitur,fine
1880 2123 2305 2212 discrimine
2329 2161 2599 2229 ornnes
2621 2135 2753 2217 de-
2834 2120 2842 2127 ’

1185 2262 1470 2373 perire?
1511 2252 1612 2360 et,
1656 2291 1833 2356 cum
1871 2259 2053 2345 belli
2091 2265 2360 2347 ardore
2406 2267 2745 2373 saevitur,

1185 2395 1548 2481 meliores
1559 2398 1812 2508 potius
1835 2396 2337 2483 occumbere?
2360 2404 2441 2487 in
2462 2436 2647 2519 pace
2668 2440 2748 2491 e-

1188 2536 1397 2636 tiam,
1448 2563 1615 2619 non
1663 2558 1966 2618 tantum
2009 2562 2372 2649 aequatur
2409 2545 2748 2654 nequitia

1186 2669 1657 2775 melioribus,
1688 2669 1811 2756 sed
1840 2699 1915 2758 et
1938 2674 2256 2758 colitur:
2302 2683 2489 2765 utin
2513 2680 2749 2792 pluri-

1189 2809 1339 2896 bus
1358 2807 1671 2909 nesciae,
1694 2832 1951 2892 utrum
1975 2810 2065 2893 fit
2083 2809 2352 2896 'eorum
2378 2818 2748 2902 detestan-

1141 2989 1144 2994 <
1190 2943 1289 3031 da
1314 2943 1657 3059 praVitaS,
1685 2975 1787 3029 an
1809 2949 2147 3058 optanda
2168 2945 2750 3067 felicitaS.'quod

1189 3077 1254 3167 fi
1288 3084 1623 3167 mundus
1652 3084 1905 3168 divina
1942 3086 2439 3199 providentia,
2496 3118 2574 3177 et
2617 3093 2751 3179 ali-

1195 3220 1414 3336 cujus
1435 3319 1436 3322 x
1459 3221 1800 3308 numinis
1847 3225 2287 3314 auftoritate
2340 3253 2749 3342 regeretur,

1195 3386 1622 3478 numquam
1639 3387 2054 3455 mereretur
2087 3361 2429 3457 Phalari⁵
2453 3391 2531 3456 et
2545 3339 2769 3457 Dio-i
