3649 4681
1215 590 1323 676 86
1573 580 1985 672 ancrt
2041 611 2431 671 rmams

1218 765 1282 846 ri
1313 758 1649 842 hominis
1672 760 2143 871 extinguant,
2183 781 2261 841 et
2286 756 2770 870 parricidium

1222 896 1512 981 faciant
1539 917 1948 1005 antequam
1970 896 2306 1005 pariant.
2344 921 2420 980 et
2449 896 2651 980 'haec
2685 922 2775 975 u·

1221 1035 1432 1144 tique
1456 1032 1552 1115 de
1578 1032 1902 1115 deorum
1935 1036 2349 1117 vestrorum
2395 1027 2779 1142 disciplina

1222 1167 1721 1255 descendunt.
1760 1198 1941 1253 nam
1965 1169 2334 1253 Saturnus
2368 1168 2566 1256 filios
2610 1164 2782 1250 suos

1211 1335 1390 1392 non
1425 1307 1787 1419 exposuit,
1801 1305 1936 1390 sed
1956 1311 2267 1392 voravit.
2290 1306 2567 1391 merito
2592 1304 2664 1387 ei
2698 1303 2784 1386 in

1228 1443 1627 1529 nonnullis
1650 1441 1969 1527 Africae
2000 1445 2339 1557 partibus
2375 1426 2418 1528 a
2458 1446 2789 1558 parenti·

1228 1580 1376 1663 bus
1413 1575 1746 1664 infantes
1775 1579 2398 1682 immolabantur,
2434 1580 2790 1665 blanditi·-

1225 1722 1293 1802 is
1330 1714 1704 1800 etosculo
1724 1718 2282 1830 comprimente
2300 1722 2662 1830 vagitum,
2691 1744 2791 1799 ne

1230 1851 1502 1939 flebilis
1530 1856 1771 1938 hostia
1794 1851 2263 1937 immoletur.
2324 1853 2616 1936 Tauris
2652 1855 2790 1935 eti·

1215 2021 1358 2078 am
1377 1988 1750 2093 Ponticis,
1796 2014 1876 2073 et
1909 1991 2303 2103 Aegyptio
2339 1986 2666 2074 Bufiridi
2693 1991 2794 2071 ri·

1232 2154 1355 2211 tus
1375 2125 1523 2212 fuit
1559 2125 1890 2241 hospites
1907 2125 2344 2212 immolare:
2377 2152 2454 2211 et
2476 2131 2796 2214 Mercu·

1233 2268 1352 2350 rio
1387 2263 1667 2348 Gallos
1697 2267 2108 2364 humanas,
2159 2263 2290 2346 vel
2324 2266 2795 2347 *inhumanas

1225 2403 1566 2484 vietimas
1600 2402 1935 2483 caedere.
2006 2401 2354 2482 Romani
2403 2400 2795 2486 Graecum

1234 2561 1316 2621 et
1349 2539 1759 2638 Graecam,
1789 2534 2114 2621 Gallum
2142 2559 2219 2618 et
2242 2533 2553 2620 Gallam
2575 2532 2798 2621 sacti-

1235 2676 1428 2759 ficiis
1478 2676 1808 2760 viventes
1864 2673 2222 2757 obruere:
2283 2675 2667 2785 hodieque
2688 2674 2795 2759 ab

1229 2811 1414 2923 'ipsis
1430 2811 1710 2894 Latiari
1720 2812 2051 2923 sJupiter
2063 2809 2483 2894 homicidio
2496 2809 2798 2912 colitur;

1224 2973 1317 3033 et
1351 2950 1561 3059 quod
1589 2947 1893 3032 Saturni
1919 2945 2081 3031 filio
2105 2945 2422 3060 dignum
2444 2948 2571 3049 est,
2618 2946 2800 3032 mali

1242 3107 1322 3166 et
1363 3087 1575 3169 noxii
1609 3085 1954 3170 hominis
1992 3081 2359 3197 ‘sanguine
2397 3081 2796 3198 saginatur.

1231 3218 1484 3331 ipsum
1507 3225 1741 3307 credo
1768 3217 2098 3310 docuisse
2124 3215 2509 3335 sanguinis
2537 3221 2799 3306 foede-

1231 3387 1327 3443 τε
1351 3362 1765 3475 *conjurare
1784 3360 2241 3451 Catilinam:
2281 3384 2357 3446 et
2389 3358 2799 3445 Bellonam
