3649 4681
1408 472 1933 574 oCTAVIUS.
2384 517 2496 600 25

908 650 2489 772 inquietum,impudenteretiamcuriosuma

915 796 1285 909 siquidem
1324 798 1558 880 adstat
1593 791 1808 878 factis
1844 791 2235 893 omnibus,
2292 791 2485 881 locis

914 932 1283 1019 omnibus
1307 938 1745 1015 intererrat:
1784 961 1962 1011 cum
1987 962 2129 1014 nec
2167 929 2482 1042 singulis

905 1069 1260 1155 inservire
1293 1065 1520 1180 poffit
1542 1093 1676 1177 per
1713 1062 2051 1148 universa
2087 1066 2481 1172 districtus,

909 1238 1055 1292 nec
1092 1204 1459 1291 univerfis
1494 1202 1837 1287 sufficere
1870 1206 1954 1286 in
1997 1201 2310 1316 fingulis
2343 1237 2480 1292 oc-

808 1366 812 1370 ’
908 1364 1252 1457 cupatus.
1323 1343 2012 1455 quid?·quod-toto
2047 1340 2216 1426 orbi
2245 1345 2480 1457 etipfi

904 1485 1209 1568 mundo
1258 1479 1840 1565 cumfideribus
1882 1478 2028 1563 suis
2079 1482 2479 1571 minantur

905 1623 1380 1719 incendium,
1420 1623 1720 1702 ruinam
1766 1617 2219 1718 moliuntur,
2266 1620 2475 1729 quasi

905 1780 1038 1839 aut
1058 1780 1370 1839 naturae
1394 1756 1667 1839 divinis
1692 1752 1987 1865 legibus
2012 1756 2468 1842 constitutus

899 1919 1251 1979 aeternus
1288 1893 1486 1978 ordo
1518 1892 1865 1975 turbetur
1886 1929 1908 1991 ;
1942 1917 2074 1977 aut
2119 1918 2351 2007 rupto
2391 1926 2474 1978 e·

895 2030 1414 2116 lementorum
1435 2032 1787 2113 omnium
1827 2027 2163 2131 foedere,
2188 2056 2267 2113 et
2287 2062 2464 2118 coe-

895 2167 1057 2254 lesti
1105 2197 1476 2285 compage
1527 2166 1774 2267 divisa,
1824 2166 2069 2252 moles
2110 2164 2263 2269 ista,
2314 2200 2469 2280 qua

894 2312 1334 2394 continetur
1354 2331 1430 2391 et
1453 2308 1805 2419 cingitur,
1851 2303 2273 2392 subruatur.
2318 2337 2466 2393 nec

889 2446 1039 2531 hac
1093 2444 1374 2532 furiosa
1415 2449 1789 2557 opinione
1830 2448 2178 2531 contenti
2219 2443 2456 2532 aniles

886 2581 1188 2671 fabulas
1212 2585 1607 2666 adstruunt
1624 2605 1700 2664 et
1723 2612 1817 2665 an
1828 2592 2165 2665 nectunt.
2211 2580 2461 2665 renas-

752 2729 762 2738 ’
887 2718 1065 2806 eise
1102 2719 1363 2807 ferunt
1381 2723 1547 2834 post
1582 2744 1913 2805 mortem
1954 2744 2033 2804 et
2066 2722 2355 2802 cineres
2380 2743 2458 2803 et

884 2857 1559 2957 favillas‚et-nescio
1575 2889 1727 2969 qua
1743 2860 2018 2941 fiducia
2029 2859 2451 2941 mendaciis‘
2520 2871 2525 2878 ’

884 2996 1032 3082 suis
1079 2995 1404 3081 invicem
1440 2995 1798 3079 credunt:
1851 3018 2071 3106 putes
2108 3022 2242 3077 eos
2288 2996 2455 3107 jam

885 3125 1244 3220 revixiffe.
1284 3162 1561 3244 anceps
1580 3131 1869 3216 malum
1898 3157 1972 3216 et
1989 3133 2293 3244 gemina
2316 3134 2452 3214 de:

888 3274 1217 3357 mentia!
1257 3268 1479 3360 coelo
1507 3271 1839 3372 etssastris,
1866 3299 2058 3383 quae
2094 3268 2195 3356 fic
2217 3268 2446 3354 telin-

1653 3407 1736 3492 D
