3649 4681
1142 579 1251 642 20
1521 531 1935 639 M1Nu'ci‘1
1980 534 2376 642 {Emms'

1139 724 1439 842 angulis
1458 726 1757 841 garrula
1778 764 1801 829 3
1824 726 2108 841 templa
2128 752 2215 813 ut
2233 727 2446 814 busta
2464 726 2701 844 despi-

1144 872 1387 969 ciunt,
1408 865 1592 951 deos
1621 864 2023 980 despuunt,
2043 867 2297 953 rident
2313 864 2538 969 sacra,
2562 870 2705 954 miz-

1142 1002 1482 1090 serentur
1504 1001 1746 1087 miseri
1761 1042 1784 1104 3
1820 1003 1880 1087 fi
1910 1003 2027 1089 fas
2064 1007 2191 1106 est,
2227 1005 2705 1092 sacerdotum

1146 1142 1518 1240 honores,
1566 1163 1642 1224 et
1681 1168 2053 1253 purpuras
2078 1140 2523 1253 despiciunt,
2569 1142 2739 1255 ipsi·

1141 1279 1539 1368 seminudi.
1579 1279 1822 1391 proh!
1895 1281 2087 1364 mira
2134 1278 2437 1364 stultitia
2480 1304 2558 1365 et
2588 1283 2711 1367 in-

1141 1416 1522 1507 credibilis
1548 1417 1897 1501 audacia!
1935 1414 2302 1529 spernunt
2325 1442 2707 1507 tormenta

1138 1552 1584 1672 praesentia,
1642 1556 1830 1639 dum
1885 1557 2173 1641 incerta
2224 1581 2584 1642 metuunt
2635 1581 2712 1642 et

1136 1691 1448 1780 futura:
1488 1716 1564 1777 et
1590 1692 1774 1778 dum
1814 1696 2016 1777 mori
2042 1696 2210 1806 post
2247 1719 2581 1780 mortem
2618 1698 2720 1780 εἰέκ

1143 1856 1390 1935 ment,
1439 1834 1746 1917 interim
1788 1836 1987 1917 mori
2038 1861 2203 1916 non
2264 1834 2562 1916 timent.
2607 1838 2713 1918 ita

1144 1970 1297 2057 illis
1315 2000 1676 2083 pavorem
1714 1966 1946 2054 fallax
1972 1966 2133 2083 spes
2159 1966 2417 2054 solatia
2449 1970 2715 2055 redivi-

1144 2138 1236 2192 va
1259 2106 1674 2193 blanditur.
1721 2139 1809 2193 ac
1827 2112 2016 2223 jam,
2039 2134 2127 2192 ut
2146 2106 2553 2194 fecundius
2579 2142 2715 2195 ne·

1146 2251 1419 2360 quiora
1454 2249 1941 2357 proveniunt,
1974 2243 2445 2357 serpentibus
2483 2249 2567 2329 in
2604 2249 2720 2332 di-

1147 2416 1228 2471 es
1253 2385 1560 2497 perditis
1580 2380 1966 2484 moribuz'
1978 2412 2115 2494 per
2135 2380 2567 2467 universum
2595 2414 2719 2469 or-

1149 2522 1330 2607 bem
1346 2520 1649 2607 sacraria
1660 2523 1791 2605 ista
1806 2524 2186 2606 teterrima
2203 2522 2479 2634 impiae
2500 2524 2716 2608 coiti-

1151 2662 1325 2746 onis
1340 2656 1806 2745 adolescunt.
1835 2661 2167 2745 eruenda
2185 2655 2488 2769 prorsus
2502 2660 2717 2767 haee,

1154 2824 1232 2884 et
1250 2794 1669 2882 execranda
1683 2791 2106 2880 consenfio.
2129 2791 2447 2879 occultis
2474 2793 2547 2879 se
2573 2828 2719 2883 no·

1153 2936 1250 3021 tis
1275 2957 1352 3021 et
1371 2930 1796 3048 insignibus
1817 2927 2254 3032 noscunt,et
2270 2955 2532 3017 amant
2546 2962 2724 3020 mu·

1157 3095 1299 3158 tuo
1319 3100 1564 3183 paene
1585 3092 1999 3185 antequam
2023 3071 2416 3155 noverint:
2451 3072 2719 3183 passim

1159 3211 1389 3297 etiam
1410 3212 1607 3299 inter
1631 3237 1764 3297 eos
1784 3208 2156 3324 quaedam
2175 3205 2585 3294 libidinum
2603 3238 2726 3295 re·-

1157 3345 1843 3490 118101135592‘1115320,
1864 3344 2324 3488 seprqusce
2340 3343 2723 3479 appellant„
