<?xml version="1.0" encoding="UTF-8"?>
<!DOCTYPE html PUBLIC "-//W3C//DTD XHTML 1.0 Transitional//EN"
    "http://www.w3.org/TR/xhtml1/DTD/xhtml1-transitional.dtd">
<html xmlns="http://www.w3.org/1999/xhtml" xml:lang="en" lang="en">
 <head>
  <title>
</title>
<meta http-equiv="Content-Type" content="text/html;charset=utf-8" />
  <meta name='ocr-system' content='tesseract 3.04.00' />
  <meta name='ocr-capabilities' content='ocr_page ocr_carea ocr_par ocr_line ocrx_word'/>
</head>
<body>
  <div class='ocr_page' id='page_1' title='image "./marciminuciifel00feligoog_0091.png"; bbox 0 0 3649 4681; ppageno 0'>
   <div class='ocr_carea' id='block_1_1' title="bbox 1356 576 2444 659">
    <p class='ocr_par' dir='ltr' id='par_1_1' title="bbox 1356 576 2444 659">
     <span class='ocr_line' id='line_1_1' title="bbox 1356 576 2444 659; baseline -0.001 0"><span class='ocrx_word' id='word_1_1' title='bbox 1356 595 1885 659; x_wconf 73' lang='lat' dir='ltr'><strong>ocTAvms.</strong></span> <span class='ocrx_word' id='word_1_2' title='bbox 2347 576 2444 659; x_wconf 88' lang='lat'><strong>81</strong></span> 
     </span>
    </p>
   </div>
   <div class='ocr_carea' id='block_1_2' title="bbox 877 739 2467 3463">
    <p class='ocr_par' dir='ltr' id='par_1_2' title="bbox 877 739 2467 3463">
     <span class='ocr_line' id='line_1_2' title="bbox 891 739 2456 855; baseline -0.001 -27"><span class='ocrx_word' id='word_1_3' title='bbox 891 744 1297 828; x_wconf 84' lang='lat' dir='ltr'><strong>horrorem</strong></span> <span class='ocrx_word' id='word_1_4' title='bbox 1319 744 1846 855; x_wconf 88' lang='lat' dir='ltr'><strong>imperitorum</strong></span> <span class='ocrx_word' id='word_1_5' title='bbox 1884 743 2098 824; x_wconf 82' lang='lat' dir='ltr'><strong>aures</strong></span> <span class='ocrx_word' id='word_1_6' title='bbox 2117 739 2456 826; x_wconf 84' lang='lat' dir='ltr'><strong>adversus</strong></span> 
     </span>
     <span class='ocr_line' id='line_1_3' title="bbox 893 878 2456 980; baseline -0.001 -16"><span class='ocrx_word' id='word_1_7' title='bbox 893 901 1041 967; x_wconf 83' lang='lat' dir='ltr'><strong>n&#39;os</strong></span> <span class='ocrx_word' id='word_1_8' title='bbox 1103 878 1582 966; x_wconf 85' lang='lat' dir='ltr'><strong>referserunt.</strong></span> <span class='ocrx_word' id='word_1_9' title='bbox 1657 910 1801 961; x_wconf 89' lang='lat' dir='ltr'><strong>nec</strong></span> <span class='ocrx_word' id='word_1_10' title='bbox 1848 902 2104 962; x_wconf 85' lang='lat' dir='ltr'><strong>tamen</strong></span> <span class='ocrx_word' id='word_1_11' title='bbox 2147 883 2456 980; x_wconf 88' lang='lat' dir='ltr'><strong>mirum,</strong></span> 
     </span>
     <span class='ocr_line' id='line_1_4' title="bbox 896 1012 2461 1125; baseline -0.002 -23"><span class='ocrx_word' id='word_1_12' title='bbox 896 1050 1075 1102; x_wconf 90' lang='lat' dir='ltr'><strong>cum</strong></span> <span class='ocrx_word' id='word_1_13' title='bbox 1105 1021 1470 1104; x_wconf 10' lang='lat' dir='ltr'><strong>‘omnium</strong></span> <span class='ocrx_word' id='word_1_14' title='bbox 1518 1014 1749 1112; x_wconf 86' lang='lat' dir='ltr'><strong>fama,</strong></span> <span class='ocrx_word' id='word_1_15' title='bbox 1794 1043 1987 1122; x_wconf 88' lang='lat' dir='ltr'><strong>quae</strong></span> <span class='ocrx_word' id='word_1_16' title='bbox 2031 1012 2319 1125; x_wconf 88' lang='lat' dir='ltr'><strong>semper</strong></span> <span class='ocrx_word' id='word_1_17' title='bbox 2343 1020 2461 1099; x_wconf 91' lang='lat' dir='ltr'><strong>in-</strong></span> 
     </span>
     <span class='ocr_line' id='line_1_5' title="bbox 895 1149 2455 1264; baseline -0.001 -26"><span class='ocrx_word' id='word_1_18' title='bbox 895 1151 1152 1264; x_wconf 79' lang='lat' dir='ltr'><strong>sparsis</strong></span> <span class='ocrx_word' id='word_1_19' title='bbox 1173 1152 1591 1235; x_wconf 82' lang='lat' dir='ltr'><strong>mendaciis</strong></span> <span class='ocrx_word' id='word_1_20' title='bbox 1612 1150 1859 1251; x_wconf 87' lang='lat' dir='ltr'><strong>alitur,</strong></span> <span class='ocrx_word' id='word_1_21' title='bbox 1885 1149 2171 1232; x_wconf 86' lang='lat' dir='ltr'><strong>ostensa</strong></span> <span class='ocrx_word' id='word_1_22' title='bbox 2191 1157 2455 1236; x_wconf 84' lang='lat' dir='ltr'><strong>verita-</strong></span> 
     </span>
     <span class='ocr_line' id='line_1_6' title="bbox 877 1287 2461 1399; baseline 0.001 -27"><span class='ocrx_word' id='word_1_23' title='bbox 877 1312 973 1372; x_wconf 77' lang='lat' dir='ltr'><strong>-te</strong></span> <span class='ocrx_word' id='word_1_24' title='bbox 1002 1289 1499 1373; x_wconf 86' lang='lat' dir='ltr'><strong>consumitur.</strong></span> <span class='ocrx_word' id='word_1_25' title='bbox 1551 1287 1653 1371; x_wconf 85' lang='lat' dir='ltr'><strong>fic</strong></span> <span class='ocrx_word' id='word_1_26' title='bbox 1703 1288 1806 1369; x_wconf 88' lang='lat' dir='ltr'><strong>est</strong></span> <span class='ocrx_word' id='word_1_27' title='bbox 1849 1289 2239 1399; x_wconf 85' lang='lat' dir='ltr'><strong>negotium</strong></span> <span class='ocrx_word' id='word_1_28' title='bbox 2288 1291 2461 1373; x_wconf 90' lang='lat' dir='ltr'><strong>dae-</strong></span> 
     </span>
     <span class='ocr_line' id='line_1_7' title="bbox 893 1423 2460 1538; baseline -0.001 -26"><span class='ocrx_word' id='word_1_29' title='bbox 893 1458 1249 1512; x_wconf 88' lang='lat' dir='ltr'><strong>monum.</strong></span> <span class='ocrx_word' id='word_1_30' title='bbox 1318 1425 1415 1510; x_wconf 87' lang='lat' dir='ltr'><strong>ab</strong></span> <span class='ocrx_word' id='word_1_31' title='bbox 1450 1426 1623 1538; x_wconf 77' lang='lat' dir='ltr'><strong>ipsis</strong></span> <span class='ocrx_word' id='word_1_32' title='bbox 1670 1428 1881 1509; x_wconf 87' lang='lat' dir='ltr'><strong>enim</strong></span> <span class='ocrx_word' id='word_1_33' title='bbox 1930 1453 2195 1510; x_wconf 89' lang='lat' dir='ltr'><strong>rumor</strong></span> <span class='ocrx_word' id='word_1_34' title='bbox 2233 1423 2460 1511; x_wconf 87' lang='lat' dir='ltr'><strong>falsus</strong></span> 
     </span>
     <span class='ocr_line' id='line_1_8' title="bbox 895 1562 2462 1674; baseline 0 -26"><span class='ocrx_word' id='word_1_35' title='bbox 895 1564 1280 1666; x_wconf 65' lang='lat' dir='ltr'><strong>et2seritur‚</strong></span> <span class='ocrx_word' id='word_1_36' title='bbox 1318 1588 1394 1652; x_wconf 88' lang='lat' dir='ltr'><strong>et</strong></span> <span class='ocrx_word' id='word_1_37' title='bbox 1416 1562 1743 1649; x_wconf 89' lang='lat' dir='ltr'><strong>fovetur.</strong></span> <span class='ocrx_word' id='word_1_38' title='bbox 1765 1564 1946 1647; x_wconf 91' lang='lat' dir='ltr'><strong>inde</strong></span> <span class='ocrx_word' id='word_1_39' title='bbox 1969 1565 2072 1646; x_wconf 91' lang='lat' dir='ltr'><strong>est</strong></span> <span class='ocrx_word' id='word_1_40' title='bbox 2091 1566 2302 1674; x_wconf 89' lang='lat' dir='ltr'><strong>quod</strong></span> <span class='ocrx_word' id='word_1_41' title='bbox 2329 1596 2462 1648; x_wconf 86' lang='lat' dir='ltr'><strong>au-</strong></span> 
     </span>
     <span class='ocr_line' id='line_1_9' title="bbox 898 1699 2462 1809; baseline 0.001 -25"><span class='ocrx_word' id='word_1_42' title='bbox 898 1704 1060 1784; x_wconf 85' lang='lat' dir='ltr'><strong>dire</strong></span> <span class='ocrx_word' id='word_1_43' title='bbox 1084 1727 1160 1782; x_wconf 92' lang='lat' dir='ltr'><strong>te</strong></span> <span class='ocrx_word' id='word_1_44' title='bbox 1185 1705 1369 1782; x_wconf 90' lang='lat' dir='ltr'><strong>dicis</strong></span> <span class='ocrx_word' id='word_1_45' title='bbox 1389 1725 1632 1809; x_wconf 75' lang='lat' dir='ltr'><strong>eaput</strong></span> <span class='ocrx_word' id='word_1_46' title='bbox 1652 1699 1835 1779; x_wconf 85' lang='lat' dir='ltr'><strong>afini</strong></span> <span class='ocrx_word' id='word_1_47' title='bbox 1864 1727 2024 1779; x_wconf 90' lang='lat' dir='ltr'><strong>rem</strong></span> <span class='ocrx_word' id='word_1_48' title='bbox 2054 1699 2278 1781; x_wconf 88' lang='lat' dir='ltr'><strong>nobis</strong></span> <span class='ocrx_word' id='word_1_49' title='bbox 2317 1701 2462 1786; x_wconf 82' lang='lat' dir='ltr'><strong>effe</strong></span> 
     </span>
     <span class='ocr_line' id='line_1_10' title="bbox 903 1830 2466 1946; baseline 0.001 -28"><span class='ocrx_word' id='word_1_50' title='bbox 903 1837 1274 1919; x_wconf 43' lang='lat' dir='ltr'><strong>divinamr</strong></span> <span class='ocrx_word' id='word_1_51' title='bbox 1290 1839 1457 1946; x_wconf 90' lang='lat' dir='ltr'><strong>quis</strong></span> <span class='ocrx_word' id='word_1_52' title='bbox 1482 1860 1633 1920; x_wconf 79' lang='lat' dir='ltr'><strong>tam</strong></span> <span class='ocrx_word' id='word_1_53' title='bbox 1644 1830 1921 1918; x_wconf 78' lang='lat' dir='ltr'><strong>stultus</strong></span> <span class='ocrx_word' id='word_1_54' title='bbox 1947 1857 2034 1916; x_wconf 92' lang='lat' dir='ltr'><strong>ut</strong></span> <span class='ocrx_word' id='word_1_55' title='bbox 2058 1834 2211 1919; x_wconf 90' lang='lat' dir='ltr'><strong>hoc</strong></span> <span class='ocrx_word' id='word_1_56' title='bbox 2232 1836 2466 1921; x_wconf 85' lang='lat' dir='ltr'><strong>colat?</strong></span> 
     </span>
     <span class='ocr_line' id='line_1_11' title="bbox 901 1969 2464 2083; baseline 0.003 -28"><span class='ocrx_word' id='word_1_57' title='bbox 901 1976 1072 2083; x_wconf 87' lang='lat' dir='ltr'><strong>quis</strong></span> <span class='ocrx_word' id='word_1_58' title='bbox 1114 1972 1408 2059; x_wconf 90' lang='lat' dir='ltr'><strong>stultior</strong></span> <span class='ocrx_word' id='word_1_59' title='bbox 1452 1998 1539 2057; x_wconf 90' lang='lat' dir='ltr'><strong>ut</strong></span> <span class='ocrx_word' id='word_1_60' title='bbox 1575 1974 1730 2056; x_wconf 89' lang='lat' dir='ltr'><strong>hoc</strong></span> <span class='ocrx_word' id='word_1_61' title='bbox 1772 1969 1926 2055; x_wconf 90' lang='lat' dir='ltr'><strong>coli</strong></span> <span class='ocrx_word' id='word_1_62' title='bbox 1976 1973 2265 2056; x_wconf 82' lang='lat' dir='ltr'><strong>credat?</strong></span> <span class='ocrx_word' id='word_1_63' title='bbox 2322 1973 2464 2059; x_wconf 78' lang='lat' dir='ltr'><strong>nisi</strong></span> 
     </span>
     <span class='ocr_line' id='line_1_12' title="bbox 899 2108 2461 2222; baseline 0.002 -29"><span class='ocrx_word' id='word_1_64' title='bbox 899 2113 1114 2222; x_wconf 82' lang='lat' dir='ltr'><strong>quod</strong></span> <span class='ocrx_word' id='word_1_65' title='bbox 1157 2142 1296 2195; x_wconf 69' lang='lat' dir='ltr'><strong>vos</strong></span> <span class='ocrx_word' id='word_1_66' title='bbox 1340 2135 1417 2195; x_wconf 86' lang='lat' dir='ltr'><strong>et</strong></span> <span class='ocrx_word' id='word_1_67' title='bbox 1461 2135 1671 2195; x_wconf 66' lang='lat' dir='ltr'><strong>toros</strong></span> <span class='ocrx_word' id='word_1_68' title='bbox 1720 2108 1970 2192; x_wconf 83' lang='lat' dir='ltr'><strong>afinos</strong></span> <span class='ocrx_word' id='word_1_69' title='bbox 2020 2112 2101 2192; x_wconf 93' lang='lat' dir='ltr'><strong>in</strong></span> <span class='ocrx_word' id='word_1_70' title='bbox 2161 2110 2461 2196; x_wconf 90' lang='lat' dir='ltr'><strong>stabulis</strong></span> 
     </span>
     <span class='ocr_line' id='line_1_13' title="bbox 893 2245 2465 2361; baseline 0.001 -29"><span class='ocrx_word' id='word_1_71' title='bbox 893 2279 1080 2333; x_wconf 22' lang='lat' dir='ltr'><strong>rcum</strong></span> <span class='ocrx_word' id='word_1_72' title='bbox 1108 2251 1339 2333; x_wconf 84' lang='lat' dir='ltr'><strong>vestra</strong></span> <span class='ocrx_word' id='word_1_73' title='bbox 1366 2246 1484 2334; x_wconf 89' lang='lat' dir='ltr'><strong>vel</strong></span> <span class='ocrx_word' id='word_1_74' title='bbox 1519 2250 1809 2361; x_wconf 71' lang='lat' dir='ltr'><strong>‘Epona</strong></span> <span class='ocrx_word' id='word_1_75' title='bbox 1854 2245 2331 2353; x_wconf 74' lang='lat' dir='ltr'><strong>consecratiS,</strong></span> <span class='ocrx_word' id='word_1_76' title='bbox 2387 2275 2465 2334; x_wconf 91' lang='lat' dir='ltr'><strong>et</strong></span> 
     </span>
     <span class='ocr_line' id='line_1_14' title="bbox 898 2386 2465 2499; baseline 0 -28"><span class='ocrx_word' id='word_1_77' title='bbox 898 2387 1201 2472; x_wconf 91' lang='lat' dir='ltr'><strong>eosdem</strong></span> <span class='ocrx_word' id='word_1_78' title='bbox 1236 2388 1486 2471; x_wconf 77' lang='lat' dir='ltr'><strong>asinos</strong></span> <span class='ocrx_word' id='word_1_79' title='bbox 1516 2419 1694 2472; x_wconf 90' lang='lat' dir='ltr'><strong>cum</strong></span> <span class='ocrx_word' id='word_1_80' title='bbox 1738 2386 1936 2470; x_wconf 86' lang='lat' dir='ltr'><strong>Ifide</strong></span> <span class='ocrx_word' id='word_1_81' title='bbox 1978 2386 2311 2499; x_wconf 90' lang='lat' dir='ltr'><strong>religiose</strong></span> <span class='ocrx_word' id='word_1_82' title='bbox 2335 2389 2465 2471; x_wconf 92' lang='lat' dir='ltr'><strong>de-</strong></span> 
     </span>
     <span class='ocr_line' id='line_1_15' title="bbox 901 2525 2462 2636; baseline 0.001 -29"><span class='ocrx_word' id='word_1_83' title='bbox 901 2529 1216 2610; x_wconf 85' lang='lat' dir='ltr'><strong>coratis:</strong></span> <span class='ocrx_word' id='word_1_84' title='bbox 1276 2528 1459 2607; x_wconf 89' lang='lat' dir='ltr'><strong>item</strong></span> <span class='ocrx_word' id='word_1_85' title='bbox 1503 2525 1742 2605; x_wconf 87' lang='lat' dir='ltr'><strong>boum</strong></span> <span class='ocrx_word' id='word_1_86' title='bbox 1786 2527 2055 2632; x_wconf 80' lang='lat' dir='ltr'><strong>capita,</strong></span> <span class='ocrx_word' id='word_1_87' title='bbox 2091 2547 2182 2605; x_wconf 82' lang='lat' dir='ltr'><strong>et</strong></span> <span class='ocrx_word' id='word_1_88' title='bbox 2219 2529 2462 2636; x_wconf 86' lang='lat' dir='ltr'><strong>capita</strong></span> 
     </span>
     <span class='ocr_line' id='line_1_16' title="bbox 901 2657 2464 2762; baseline -0.003 -14"><span class='ocrx_word' id='word_1_89' title='bbox 901 2692 1325 2762; x_wconf 87' lang='lat' dir='ltr'><strong>vervecum,</strong></span> <span class='ocrx_word' id='word_1_90' title='bbox 1366 2685 1442 2744; x_wconf 91' lang='lat' dir='ltr'><strong>et</strong></span> <span class='ocrx_word' id='word_1_91' title='bbox 1463 2657 1901 2761; x_wconf 83' lang='lat' dir='ltr'><strong>immolatis,</strong></span> <span class='ocrx_word' id='word_1_92' title='bbox 1938 2682 2015 2744; x_wconf 89' lang='lat' dir='ltr'><strong>et</strong></span> <span class='ocrx_word' id='word_1_93' title='bbox 2038 2657 2319 2742; x_wconf 88' lang='lat' dir='ltr'><strong>colitis:</strong></span> <span class='ocrx_word' id='word_1_94' title='bbox 2369 2663 2464 2744; x_wconf 89' lang='lat' dir='ltr'><strong>de</strong></span> 
     </span>
     <span class='ocr_line' id='line_1_17' title="bbox 904 2798 2466 2911; baseline 0.001 -29"><span class='ocrx_word' id='word_1_95' title='bbox 904 2831 1133 2911; x_wconf 85' lang='lat' dir='ltr'><strong>capro</strong></span> <span class='ocrx_word' id='word_1_96' title='bbox 1169 2802 1395 2884; x_wconf 88' lang='lat' dir='ltr'><strong>etiam</strong></span> <span class='ocrx_word' id='word_1_97' title='bbox 1442 2823 1519 2882; x_wconf 90' lang='lat' dir='ltr'><strong>et</strong></span> <span class='ocrx_word' id='word_1_98' title='bbox 1567 2798 1888 2883; x_wconf 90' lang='lat' dir='ltr'><strong>homine</strong></span> <span class='ocrx_word' id='word_1_99' title='bbox 1925 2799 2205 2881; x_wconf 85' lang='lat' dir='ltr'><strong>mixtos</strong></span> <span class='ocrx_word' id='word_1_100' title='bbox 2253 2798 2466 2899; x_wconf 76' lang='lat' dir='ltr'><strong>deOS,</strong></span> 
     </span>
     <span class='ocr_line' id='line_1_18' title="bbox 904 2933 2465 3027; baseline 0 -8"><span class='ocrx_word' id='word_1_101' title='bbox 904 2936 1325 3027; x_wconf 69' lang='lat' dir='ltr'><strong>etleonum</strong></span> <span class='ocrx_word' id='word_1_102' title='bbox 1354 2959 1429 3017; x_wconf 87' lang='lat' dir='ltr'><strong>et</strong></span> <span class='ocrx_word' id='word_1_103' title='bbox 1450 2964 1740 3019; x_wconf 82' lang='lat' dir='ltr'><strong>canum</strong></span> <span class='ocrx_word' id='word_1_104' title='bbox 1767 2933 2022 3017; x_wconf 89' lang='lat' dir='ltr'><strong>vultus</strong></span> <span class='ocrx_word' id='word_1_105' title='bbox 2047 2934 2230 3016; x_wconf 90' lang='lat' dir='ltr'><strong>deos</strong></span> <span class='ocrx_word' id='word_1_106' title='bbox 2256 2936 2465 3019; x_wconf 89' lang='lat' dir='ltr'><strong>dedi-</strong></span> 
     </span>
     <span class='ocr_line' id='line_1_19' title="bbox 908 3070 2467 3185; baseline 0.001 -31"><span class='ocrx_word' id='word_1_107' title='bbox 908 3076 1118 3156; x_wconf 82' lang='lat' dir='ltr'><strong>ca-tis.</strong></span> <span class='ocrx_word' id='word_1_108' title='bbox 1155 3104 1420 3157; x_wconf 86' lang='lat' dir='ltr'><strong>nonne</strong></span> <span class='ocrx_word' id='word_1_109' title='bbox 1433 3098 1518 3156; x_wconf 51' lang='lat' dir='ltr'><strong>¹et</strong></span> <span class='ocrx_word' id='word_1_110' title='bbox 1534 3074 1777 3185; x_wconf 87' lang='lat' dir='ltr'><strong>Apim</strong></span> <span class='ocrx_word' id='word_1_111' title='bbox 1799 3070 2080 3156; x_wconf 87' lang='lat' dir='ltr'><strong>bovem</strong></span> <span class='ocrx_word' id='word_1_112' title='bbox 2105 3074 2281 3155; x_wconf 87' lang='lat' dir='ltr'><strong>cum</strong></span> <span class='ocrx_word' id='word_1_113' title='bbox 2311 3077 2467 3162; x_wconf 86' lang='lat' dir='ltr'><strong>Ae·</strong></span> 
     </span>
     <span class='ocr_line' id='line_1_20' title="bbox 905 3208 2465 3323; baseline 0.001 -32"><span class='ocrx_word' id='word_1_114' title='bbox 905 3212 1185 3323; x_wconf 86' lang='lat' dir='ltr'><strong>gyptiis</strong></span> <span class='ocrx_word' id='word_1_115' title='bbox 1222 3211 1548 3295; x_wconf 74' lang='lat' dir='ltr'><strong>adoratis</strong></span> <span class='ocrx_word' id='word_1_116' title='bbox 1577 3234 1652 3293; x_wconf 90' lang='lat' dir='ltr'><strong>et</strong></span> <span class='ocrx_word' id='word_1_117' title='bbox 1672 3208 2001 3321; x_wconf 85' lang='lat' dir='ltr'><strong>pascitis?</strong></span> <span class='ocrx_word' id='word_1_118' title='bbox 2035 3239 2177 3294; x_wconf 89' lang='lat' dir='ltr'><strong>nec</strong></span> <span class='ocrx_word' id='word_1_119' title='bbox 2197 3240 2465 3296; x_wconf 82' lang='lat' dir='ltr'><strong>eorum</strong></span> 
     </span>
     <span class='ocr_line' id='line_1_21' title="bbox 911 3344 2465 3463; baseline -0.001 -33"><span class='ocrx_word' id='word_1_120' title='bbox 911 3345 1109 3441; x_wconf 83' lang='lat' dir='ltr'><strong>sacra</strong></span> <span class='ocrx_word' id='word_1_121' title='bbox 1130 3351 1548 3441; x_wconf 76' lang='lat' dir='ltr'><strong>damnatis,</strong></span> <span class='ocrx_word' id='word_1_122' title='bbox 1572 3349 1936 3435; x_wconf 59' lang='lat' dir='ltr'><strong>institutas</strong></span> <span class='ocrx_word' id='word_1_123' title='bbox 1959 3344 2465 3463; x_wconf 68' lang='lat' dir='ltr'><strong>serpentibus,</strong></span> 
     </span>
    </p>
   </div>
  </div>
 </body>
</html>
