3649 4681
1449 510 1977 617 'ocTAvmsss
2398 562 2500 625 21

926 695 1222 799 ἧπτες,
1259 718 1338 780 et
1364 690 1684 800 sorore8‚
1711 720 1801 783 ut
1823 699 2053 783 etiam
2095 720 2260 781 non
2298 699 2504 788 inso-

923 832 1093 921 lens
1139 838 1479 949 stuprum
1523 836 2055 920 interceffione
2098 833 2282 921 sacri
2352 870 2503 927 no-

923 977 1157 1058 minis
1193 975 1325 1057 fiat
1341 977 1737 1056 incestum.
1774 977 1882 1065 ita
1911 1002 2183 1056 eorum
2207 1007 2401 1063 vana
2421 980 2501 1066 et

918 1113 1237 1196 demens
1289 1107 1708 1222 superstitio
1751 1105 2157 1193 sceleribus
2215 1110 2501 1225 gloria-

914 1243 1067 1335 tur.
1095 1279 1238 1336 nec
1266 1249 1358 1331 de
1377 1247 1574 1367 ipsis,
1599 1246 1738 1331 nisi
1751 1245 2174 1335 subsisteret
2194 1254 2494 1361 veritas,

916 1391 1245 1478 maxima
1280 1410 1359 1471 et
1393 1388 1590 1506 varia
1618 1409 1695 1471 et
1735 1387 2039 1473 honore
2074 1384 2493 1501 praefanda

911 1526 1136 1640 sagax
1170 1524 1375 1611 fama
1399 1523 1864 1638 loqueretur.
1912 1530 2142 1612 audio
2162 1556 2297 1611 eos
2327 1551 2493 1615 tur-

910 1666 1247 1777 pissimae
1282 1668 1596 1773 pecudis
1621 1689 1857 1772 caput
1879 1664 2067 1759 afini
2091 1664 2487 1752 consecra-

910 1806 1077 1911 tum
1101 1802 1359 1916 inepta
1387 1797 1640 1884 nescio
1681 1830 1831 1912 qua
1859 1798 2336 1913 persuasione
2355 1835 2486 1889 ve-

905 1943 1189 2029 nerari:
1252 1942 1482 2053 digna
1534 1963 1611 2023 et
1665 1964 1841 2022 nata
1894 1938 2161 2053 religio
2198 1939 2481 2028 talibus

901 2076 1276 2189 moribus.
1332 2076 1458 2160 alii
1496 2105 1627 2160 eos
1648 2072 1697 2158 f
1687 2099 1911 2160 erunt
1936 2076 2165 2190 ipfius
2191 2083 2476 2167 antisti-

901 2220 996 2304 tis
1049 2247 1137 2300 ac
1181 2213 1585 2299 sacerdotis
1645 2212 1899 2299 colere
1960 2214 2336 2329 genitalia,
2397 2244 2476 2303 et

898 2357 1109 2468 quafi
1165 2358 1501 2470 parentis
1557 2352 1668 2442 sui
1722 2355 2041 2454 athare
2086 2382 2470 2446 naturam.

894 2494 1150 2580 nescio
1185 2506 1285 2578 an
1313 2492 1520 2596 falsa,
1566 2519 1769 2578 certe
1796 2495 2122 2579 occultis
2150 2526 2240 2580 ac
2277 2525 2471 2582 noc-

892 2638 1140 2718 turnis
1174 2631 1395 2717 sacris
1432 2628 1773 2742 apposita
1815 2629 2158 2744 suspicio·
2219 2657 2297 2716 et
2333 2639 2468 2745 qui

889 2772 1293 2856 hominem
1338 2768 1641 2854 summo
1683 2765 2054 2882 supplicio
2089 2798 2236 2883 pro
2274 2765 2465 2858 faci·

891 2937 1085 2992 nore
1111 2907 1497 3018 punitum5
1554 2930 1632 2988 et
1667 2910 1913 2990 crucis
1956 2908 2164 3018 ligna
2200 2906 2462 2994 feralia

747 3051 755 3055 ’
867 3059 1166 3130 eorum'
1205 3044 1686 3136 ceremonias„
1732 3041 2202 3148 fabulantur,
2236 3073 2461 3133 ·con-·
2538 3151 2543 3154 ,

886 3184 1239 3299 gruentia
1292 3180 1601 3294 perditis
1637 3179 2148 3297 sceleratisque
2191 3184 2460 3272 tribuit

884 3318 1170 3428 altaria,
1232 3343 1320 3410 ut
1354 3320 1434 3407 id
1474 3317 1738 3412 colant
1783 3325 1995 3439 quod
2035 3346 2452 3412 merentur.
