3649 4681
1356 540 1892 605 OCTAVIUS..
2339 553 2459 639 39

871 721 1032 779 rem
1047 684 1367 790 civilem,
1384 685 1522 771 nifi
1539 689 1988 803 cognoveris
2007 685 2209 772 hanc
2231 718 2447 777 com-

870 859 1187 915 munem
1250 829 1603 910 omnium
1663 829 1936 910 mundi
2020 828 2452 913 civitatemz·

867 968 1263 1082 praecipue
1288 996 1466 1045 cum
1494 993 1536 1043 a
1565 962 1748 1043 feris
1781 962 2053 1046 belluis
2093 965 2247 1047 hoc
2272 967 2438 1051 ‹difa

867 1104 1228 1199 feramus,
1255 1096 1466 1209 quod
1502 1093 1629 1177 illa
1679 1124 1949 1206 prona,
1988 1099 2071 1180 in
2126 1124 2437 1186 terram-

811 1314 854 1349 f
869 1258 1020 1353 'que
1046 1237 1452 1349 vergentia,
1477 1231 1672 1316 nihil
1693 1256 1871 1316 nata
1889 1234 2037 1316 fint
2056 1235 2437 1348 prospice-³
2558 1306 2573 1319 ,

865 1407 970 1479 re,
1020 1373 1159 1459 nisi
1196 1370 1601 1486 pabulum:
1663 1401 1809 1453 nos
1858 1371 2135 1483 quibus
2180 1374 2450 1459 vultus-

862 1523 1174 1613 e'reRuS,
1231 1508 1522 1621 quibus·
1575 1506 1945 1622 suspectus
1995 1512 2078 1593 in
2124 1506 2430 1599 coelum

860 1656 1080 1737 datus
1116 1654 1241 1749 est,
1302 1645 1576 1746 sermO,
1626 1665 1704 1728 ct
1759 1650 1978 1746 ratio,
2040 1677 2177 1757 per
2235 1680 2433 1759 quae

859 1788 1120 1872 Deum
1164 1779 1667 1894 agnoscimu8‚
1731 1778 2118 1882 sentimus,
2170 1786 2428 1869 *imita-

857 1952 1056 2022 mur,
1109 1923 1459 2031 ignorare
1511 1946 1655 1999 nec
1711 1914 1826 2000 fas
1884 1948 2026 2000 nec
2078 1917 2255 2003 licet
2305 1923 2427 2005 in-

852 2082 1243 2172 gerentem
1280 2049 1427 2135 sese
1454 2049 1722 2154 oculis,
1761 2076 1839 2136 et
1884 2051 2216 2139 senfibus
2246 2058 2427 2142 nos-

854 2198 985 2278 tris
1036 2188 1433 2276 coelestem
1470 2187 1905 2272 claritatem.
1946 2187 2306 2305 sacrilegii.
2340 2225 2418 2276 e-

849 2334 1011 2416 nim
1031 2329 1149 2414 vel
1181 2329 1491 2412 maximi
1524 2329 1751 2412 instar
1767 2331 1909 2431 est,
1938 2328 2156 2413 humi
2187 2357 2427 2442 quae-²

851 2498 1036 2569 tere,
1061 2467 1270 2578 quod
1293 2466 1375 2548 in
1413 2462 1725 2547 sublimi·
1742 2464 2010 2550 debeas
2044 2471 2410 2552 invenire.

844 2635 1005 2717 quo
1045 2605 1286 2713 magis
1337 2599 1534 2682 mihi
1583 2600 1961 2702 videntur,
2012 2608 2143 2713 qui
2196 2605 2421 2689 hunc·

839 2742 1112 2828 mundi
1147 2740 1385 2820 totins
1422 2760 1780 2820 ornatum
1805 2766 1967 2820 non
2009 2739 2259 2821 divina
2293 2767 2415 2823 ra-

840 2882 1053 2963 tione
1073 2873 1493 2986 perfectum
1510 2873 1808 2976 volunt,
1831 2873 1953 2958 sed
1976 2874 2224 2959 frustis
2238 2880 2409 2987 qui-

841 3011 1159 3095 busdam
1176 3034 1456 3093 temere
1472 3010 2055 3095 cohaerentibus
2079 3042 2225 3094 con
2233 3005 2417 3126 glo-

840 3148 1142 3248 batum,
1158 3165 1523 3248 mentem,
1544 3144 1865 3249 sensum,
1895 3147 2160 3232 oculos
2188 3152 2413 3235 deni.

846 3317 995 3399 que
1028 3281 1225 3399 ipsos
1262 3313 1428 3371 non
1448 3283 1753 3372 habere.
1794 3286 1979 3401 quid
2015 3290 2223 3372 enim
2258 3318 2415 3400 po—
