3649 4681
1162 612 1216 669 2
1511 602 1921 664 MINUCII
1984 601 2374 658 FELICIS

1164 772 1249 834 et
1282 741 1434 859 ipse
1478 770 1699 830 tanto
1733 746 1968 829 nostri
1992 743 2278 856 semper
2305 776 2567 832 amore
2584 745 2722 832 fla-

1174 887 1519 1000 graverit,
1548 906 1643 973 ‚ut
1666 906 1742 974 et
1765 886 1848 972 in
1884 881 2187 978 indietis
2210 907 2286 981 et
2311 882 2420 981 ser
2421 888 2536 987 iis,
2558 890 2722 999 Pari

1170 1053 1483 1107 mecum
1521 1019 1915 1139 voluntate
1964 1023 2407 1105 concineret
2441 1025 2728 1145 “eadem

1168 1156 1362 1244 velle
1377 1155 1494 1240 vel
1510 1152 1751 1245 nolle:
1773 1155 2118 1246 crederes
2130 1140 2370 1248 unam
2389 1188 2568 1248 men
2577 1184 2732 1244 tem

1171 1300 1255 1381 in
1277 1293 1582 1379 duobus
1604 1290 1822 1377 fuisse
1851 1292 2178 1377 divisam.
2205 1291 2305 1376 fic
2322 1292 2523 1379 solus
2544 1299 2628 1380 in
2654 1329 2736 1381 a-

1173 1433 1520 1518 moribus
1541 1429 1889 1515 conscius
1914 1426 2368 1541 ipse,„soeius
2402 1437 2486 1516 in
2524 1465 2733 1520 erro-

1173 1570 1423 1655 ribus:
1466 1594 1543 1652 et
1573 1601 1776 1670 cum,
1801 1566 2105 1689 discuffa
2132 1568 2477 1679 caligine,
2505 1573 2600 1653 de
2625 1597 2735 1656 te-

1172 1705 1589 1791 nebrarum
1626 1705 2028 1815 profundo
2055 1708 2147 1793 in
2169 1705 2422 1794 lucem
2448 1704 2739 1818 saPien-

1172 1848 1323 1927 tiae
1347 1868 1422 1926 et
1443 1845 1765 1925 veritatis
1787 1866 2275 1950 emergerem,
2298 1871 2463 1932 non
2484 1842 2739 1956 respu—

1176 1987 1242 2066 it
1283 1983 1673 2080 comitem,
1717 1977 1871 2080 sed,
1921 1977 2133 2089 quod
2177 1980 2281 2066 est
2315 1979 2738 2092 gloriosius,

1177 2120 1720 2232 praecucurrit.
1758 2120 2031 2228 itaque
2041 2148 2232 2205 eum
2265 2149 2410 2230 pers
2437 2122 2741 2209 univer·

1182 2255 1340 2339 sam
1390 2260 1785 2339 c'onviftus
1822 2256 2060 2338 nostri
2094 2278 2176 2339 et
2213 2251 2743 2345 familiaritatis

1178 2417 1504 2478 aetatem
1546 2424 1719 2488 mea
1770 2393 2134 2506 cogitatio
2169 2391 2622 2497 volveretur,
2656 2398 2742 2480 in

1185 2529 1325 2614 illo
1372 2535 1773 2646 praecipue
1834 2528 2185 2616 sermone
2243 2534 2407 2644 ejus
2458 2536 2742 2619 mentis

1180 2701 1397 2755 meae
1427 2667 1698 2755 resedit
1740 2671 2098 2778 intentio,
2133 2700 2294 2782 quo
2318 2669 2743 2758 Caecilium

1176 2805 2156 2919 superstitiofisvanitatibus
2170 2808 2396 2893 etiam
2409 2813 2750 2894 nuncin-

1184 2945 1627 3031 haerentem
1663 2943 2170 3058 disputatione
2204 2946 2623 3059 graviffima
2645 2948 2746 3056 ad

1184 3080 1905 3195 veramreligionem
1930 3080 2395 3169 reformavit.
2412 3114 2595 3169 nam
2612 3115 2748 3169 ne-

1187 3222 1406 3333 gotii,
1461 3245 1538 3305 et
1577 3219 1861 3307 visendi
1911 3223 2065 3305 mei
2110 3227 2351 3337 gratia
2398 3223 2750 3308 Romam

1183 3361 1715 3471 contenderat,
1735 3360 1991 3466 telleia
2002 3362 2267 3472 domn,
2289 3357 2750 3480 conjuge‚-li-
