3649 4681
1169 640 1291 729 94
1566 628 1986 693 Mmucu
2038 629 2432 688 remens

1177 780 1476 876 demu8‚
1509 773 1636 861 sed
1678 777 1861 860 Deo
1895 773 2318 859 admodum
2360 776 2582 885 pauci
2615 771 2732 858 su—

1174 945 1379 1003 mus.
1437 943 1582 999 nos
1629 936 1897 1025 gen-tes
1940 909 2435 1024 nationesque
2475 913 2738 996 distin·

1176 1055 1525 1165 guimus:
1568 1051 1750 1137 Deo
1784 1053 1945 1135 una
1980 1049 2255 1134 domus
2278 1051 2382 1131 est
2404 1049 2741 1133 mundus

1185 1190 1316 1273 hic
1342 1212 1576 1275 totus.
1656 1217 1871 1300 reges
1905 1212 2210 1272 tantum
2242 1188 2458 1299 regni
2482 1184 2590 1271 sui
2610 1187 2748 1299 pei·

1182 1330 1446 1414 officia
1485 1328 2003 1413 ministrorum
2035 1323 2375 1410 universa
2421 1352 2747 1411 novere:

1189 1465 1375 1553 Deo
1409 1466 1709 1551 indiciis
1731 1472 1926 1576 opu's
1955 1493 2121 1547 non
2149 1466 2275 1548 est.
2316 1494 2480 1547 non
2503 1461 2749 1547 solum

1191 1604 1275 1684 in
1300 1599 1545 1687 oculis
1580 1602 1771 1713 ejuS,
1807 1599 1932 1685 sed
1969 1624 2046 1684 et
2081 1603 2171 1683 in
2203 1599 2366 1685 finu
2401 1601 2748 1683 vivimus.

1192 1736 1318 1824 sed
1356 1738 1660 1849 Judaeis
1685 1734 1885 1822 nihil
1924 1732 2225 1851 profuit
2259 1736 2470 1848 quod
2502 1734 2753 1819 unum

1193 1900 1275 1959 et
1310 1874 1446 1987 ipfi
1467 1877 1732 1961 Deum
1753 1877 1899 1957 aris
1934 1898 2165 1987 atque
2193 1872 2493 1985 templis
2512 1875 2756 1955 maxi-

1195 2043 1320 2097 ma
1354 2009 1877 2125 superstitione
1911 2010 2343 2097 coluerunt.
2392 2013 2756 2123 ignoran-

1197 2152 1298 2237 tia
1320 2148 1619 2253 laberis,
1656 2151 1713 2234 fi
1752 2152 2098 2263 priorum
2134 2175 2265 2234 aut
2306 2147 2589 2233 oblitus
2624 2170 2757 2230 aut

1196 2286 1497 2393 insci-us,
1529 2290 2039 2401 posteriorum
2086 2288 2526 2371 recordaris.
2576 2313 2759 2367 nam

1195 2447 1274 2517 et
1295 2424 1727 2536 ipfi,Deum
1746 2426 2115 2523 nostrum,
2139 2422 2570 2505 idem-enim
2589 2451 2763 2505 om-

1200 2564 1418 2648 nium
1441 2564 1658 2647 Deus
1676 2568 1802 2665 est,
1827 2562 2163 2674 quandiu
2183 2564 2397 2661 caste,
2421 2562 2761 2662 innoxie,

1201 2698 1691 2813 religioseque
1714 2702 2146 2801 coluerunt,
2190 2700 2528 2810 quandiu
2548 2725 2764 2808 prae-

1205 2842 1441 2950 ceptis
1458 2835 1887 2922 salubribus
1904 2837 2642 2947 obtemperaverunt,
2669 2836 2768 2919 de

1190 2978 1463 3084 paucis
1487 2978 1873 3061 innumeri
1902 2973 2205 3076 smerde
2226 2973 2768 3087 egentibusdi·

1190 3113 1418 3213 ἣκετε,
1477 3116 1573 3199 de
1607 3112 2097 3200 servientibus
2152 3143 2406 3227 reges;
2478 3113 2763 3198 modici

1199 3248 1522 3373 multos»,
1559 3256 1835 3340 inermi
1867 3278 2196 3339 armatos
2233 3253 2416 3336 dum
2455 3247 2770 3362 fugiunt

1195 3385 1713 3506 insequentes,
1772 3389 2188 3504 Deijuffu,
2245 3416 2322 3474 et
2371 3387 2770 3475 elementis
