3649 4681
1459 583 1984 646 σατΑνῑυε,
2214 639 2221 642 .
2396 575 2505 682 83

937 720 1018 816 se
1043 721 1225 812 mali
1257 722 1620 814 fac'Inoris
1642 729 2083 836 admittunt,
2122 739 2332 847 quod
2361 769 2505 828 nec

929 888 1137 951 aetas
1175 868 1420 979 potest
1453 870 1613 978 ‚pati
1636 867 1969 971 mo'llior,
1997 902 2141 956 nec
2163 878 2337 989 cogi
2365 876 2512 962 ser·-

931 1007 1132 1088 vitus
1169 1005 1455 1085 durior.
1510 1003 1700 1085 haec
1735 1028 1812 1086 et
1847 1006 2284 1117 hujusmodi
2324 1043 2508 1123 pro-

927 1140 1163 1249 pudia
1183 1136 1410 1223 nobis
1435 1136 1798 1224 nonlicet
1816 1172 1959 1225 nec
1977 1146 2258 1246 audire,
2274 1151 2503 1236 etiam

926 1272 1275 1386 pluribus
1317 1299 1538 1389 turpe
1575 1275 1988 1367 defendere
2015 1287 2140 1365 est.
2179 1314 2266 1367 ea
2292 1290 2497 1373 enim

911 1413 2144 1531 decastisfingitisetpudici3,quae
2157 1424 2495 1512 fierinon

911 1552 1427 1655 crederemuS,
1478 1553 1622 1639 nifi
1657 1556 1755 1638 de
1787 1555 2006 1640 vobis
2040 1558 2489 1669 probaretis.

918 1714 1105 1774 nam
1133 1691 1347 1796 quod
1370 1689 1726 1799 religioni
1749 1696 2046 1774 nostrae
2082 1695 2486 1785 hominem

917 1823 1279 1924 noxium‚'
1326 1847 1404 1908 et
1445 1828 1770 1908 ‘crucem
1829 1830 1993 1941 ejus
2051 1828 2486 1936 adscribitis,

911 1956 1150 2072 longe
1187 1962 1283 2044 de
1324 1964 1597 2046 vicinia
1633 1965 1958 2048 veritatis
1996 1970 2254 2053 erratis
2273 2008 2297 2071 ,ς
2343 1976 2479 2086 qui

907 2099 1192 2207 putatis
1217 2099 1480 2184 Deum
1507 2102 1739 2200 credi,
1785 2125 1919 2184 aut
1950 2105 2297 2189 meruiffe
2335 2139 2478 2193 no-

899 2236 1145 2335 xium,
1188 2260 1321 2319 aut
1350 2235 1674 2348 potuisse
1704 2262 2117 2326 terrenum.
2160 2272 2305 2327 nae
2344 2246 2476 2331 ille

901 2370 1363 2476 miserabilis,
1408 2378 1623 2488 cujus
1672 2380 1755 2460 in
1792 2378 2118 2466 homine
2167 2385 2470 2469 mortali

896 2503 1063 2618 spes
1083 2515 1338 2595 omnis
1358 2515 1713 2595 innititur
1724 2549 1747 2612 3
1772 2537 2023 2597 totum
2060 2521 2261 2601 enim
2303 2525 2466 2633 ejus

890 2646 1259 2730 auxilium
1280 2678 1458 2731 cum
1477 2651 1811 2735 extinfio
1841 2651 2162 2736 homine
2179 2655 2464 2741 finitur.

895 2786 1265 2897 Aegyptii
1290 2784 1466 2871 sane
1483 2787 1885 2874 hominem
1898 2789 2059 2893 fibi,
2075 2822 2303 2903 quem
2325 2823 2461 2879 co·

894 2917 1082 3020 lant,
1112 2922 1430 3034 eligunt,
1470 2924 1687 3010 illum
1732 2957 1981 3011 unum
2014 2934 2455 3041 propitiant,
2510 2993 2521 2996 -

892 3054 1112 3139 illum
1137 3061 1232 3142 de
1250 3063 1614 3147 omnibus
1640 3063 2079 3167 consulunt,
2118 3062 2225 3151 illi
2250 3071 2459 3154 vieti-

887 3224 1052 3279 mas
1091 3199 1447 3302 caedunt,
1472 3227 1548 3286 et
1581 3200 1734 3304 ille,
1763 3207 1899 3316 qui
1935 3207 2198 3291 ceteris
2234 3209 2449 3311 deus,

885 3331 1032 3420 fibi
1068 3361 1271 3424 certe
1284 3337 1537 3427 homo
1571 3343 1701 3443 est,
1725 3340 1905 3428 velit
1925 3342 2156 3445 nolit:
2195 3377 2338 3432 nec
2368 3375 2447 3429 e-

1611 3478 1693 3563 L
1728 3506 1780 3565 2
