<?xml version="1.0" encoding="UTF-8"?>
<!DOCTYPE html PUBLIC "-//W3C//DTD XHTML 1.0 Transitional//EN"
    "http://www.w3.org/TR/xhtml1/DTD/xhtml1-transitional.dtd">
<html xmlns="http://www.w3.org/1999/xhtml" xml:lang="en" lang="en">
 <head>
  <title>
</title>
<meta http-equiv="Content-Type" content="text/html;charset=utf-8" />
  <meta name='ocr-system' content='tesseract 3.04.00' />
  <meta name='ocr-capabilities' content='ocr_page ocr_carea ocr_par ocr_line ocrx_word'/>
</head>
<body>
  <div class='ocr_page' id='page_1' title='image "./marciminuciifel00feligoog_0020.png"; bbox 0 0 3649 4681; ppageno 0'>
   <div class='ocr_carea' id='block_1_1' title="bbox 1194 570 2439 664">
    <p class='ocr_par' dir='ltr' id='par_1_1' title="bbox 1194 570 2439 664">
     <span class='ocr_line' id='line_1_1' title="bbox 1194 570 2439 664; baseline -0.006 -28"><span class='ocrx_word' id='word_1_1' title='bbox 1194 576 1294 664; x_wconf 64' lang='lat'>10</span> <span class='ocrx_word' id='word_1_2' title='bbox 1557 571 1970 633; x_wconf 74' lang='lat' dir='ltr'>M1Nuc11</span> <span class='ocrx_word' id='word_1_3' title='bbox 2026 570 2439 631; x_wconf 70' lang='lat' dir='ltr'>umcxs</span> 
     </span>
    </p>
   </div>
   <div class='ocr_carea' id='block_1_2' title="bbox 1183 706 2779 3446">
    <p class='ocr_par' dir='ltr' id='par_1_2' title="bbox 1183 706 2779 3446">
     <span class='ocr_line' id='line_1_2' title="bbox 1183 706 2756 825; baseline -0.001 -23"><span class='ocrx_word' id='word_1_4' title='bbox 1183 740 1458 825; x_wconf 72' lang='lat' dir='ltr'><strong>terram</strong></span> <span class='ocrx_word' id='word_1_5' title='bbox 1478 706 1875 824; x_wconf 81' lang='lat' dir='ltr'>profunda</span> <span class='ocrx_word' id='word_1_6' title='bbox 1900 710 2230 799; x_wconf 82' lang='lat' dir='ltr'><strong>demersa</strong></span> <span class='ocrx_word' id='word_1_7' title='bbox 2249 710 2443 816; x_wconf 85' lang='lat' dir='ltr'>sunt,</span> <span class='ocrx_word' id='word_1_8' title='bbox 2464 736 2605 798; x_wconf 76' lang='lat' dir='ltr'>aut</span> <span class='ocrx_word' id='word_1_9' title='bbox 2614 711 2756 801; x_wconf 83' lang='lat' dir='ltr'>sci·</span> 
     </span>
     <span class='ocr_line' id='line_1_3' title="bbox 1187 848 2758 965; baseline 0 -28"><span class='ocrx_word' id='word_1_10' title='bbox 1187 882 1268 937; x_wconf 83' lang='lat' dir='ltr'>re</span> <span class='ocrx_word' id='word_1_11' title='bbox 1300 848 1406 936; x_wconf 73' lang='lat' dir='ltr'>fit‘</span> <span class='ocrx_word' id='word_1_12' title='bbox 1427 848 1714 952; x_wconf 86' lang='lat' dir='ltr'>datum,</span> <span class='ocrx_word' id='word_1_13' title='bbox 1762 873 1896 934; x_wconf 87' lang='lat' dir='ltr'>aut</span> <span class='ocrx_word' id='word_1_14' title='bbox 1941 848 2247 938; x_wconf 68' lang='lat' dir='ltr'>scrutari</span> <span class='ocrx_word' id='word_1_15' title='bbox 2284 849 2758 965; x_wconf 81' lang='lat' dir='ltr'>permiffum,</span> 
     </span>
     <span class='ocr_line' id='line_1_4' title="bbox 1186 986 2750 1103; baseline 0.003 -31"><span class='ocrx_word' id='word_1_16' title='bbox 1186 992 1677 1103; x_wconf 64' lang='lat' dir='ltr'>aut-stupfa&#39;re</span> <span class='ocrx_word' id='word_1_17' title='bbox 1715 986 2184 1100; x_wconf 77' lang='lat' dir='ltr'>religiosum:</span> <span class='ocrx_word' id='word_1_18' title='bbox 2223 1014 2301 1074; x_wconf 88' lang='lat' dir='ltr'>et</span> <span class='ocrx_word' id='word_1_19' title='bbox 2328 990 2529 1075; x_wconf 83' lang='lat' dir='ltr'>beati</span> <span class='ocrx_word' id='word_1_20' title='bbox 2552 988 2750 1094; x_wconf 76' lang='lat' dir='ltr'>satis,</span> 
     </span>
     <span class='ocr_line' id='line_1_5' title="bbox 1187 1125 2764 1237; baseline -0.001 -24"><span class='ocrx_word' id='word_1_21' title='bbox 1187 1125 1500 1237; x_wconf 84' lang='lat' dir='ltr'>satisque</span> <span class='ocrx_word' id='word_1_22' title='bbox 1520 1126 1935 1237; x_wconf 86' lang='lat' dir='ltr'><strong>prudentes</strong></span> <span class='ocrx_word' id='word_1_23' title='bbox 1949 1129 2123 1236; x_wconf 79' lang='lat' dir='ltr'>jure</span> <span class='ocrx_word' id='word_1_24' title='bbox 2143 1129 2555 1230; x_wconf 69' lang='lat' dir='ltr'>videamur,</span> <span class='ocrx_word' id='word_1_25' title='bbox 2569 1126 2764 1212; x_wconf 80' lang='lat' dir='ltr'>fise-.-</span> 
     </span>
     <span class='ocr_line' id='line_1_6' title="bbox 1188 1258 2762 1377; baseline 0.001 -28"><span class='ocrx_word' id='word_1_26' title='bbox 1188 1264 1533 1349; x_wconf 81' lang='lat' dir='ltr'>cundum</span> <span class='ocrx_word' id='word_1_27' title='bbox 1587 1258 1779 1346; x_wconf 87' lang='lat' dir='ltr'>illud</span> <span class='ocrx_word' id='word_1_28' title='bbox 1824 1285 2036 1346; x_wconf 80' lang='lat' dir='ltr'>vetus</span> <span class='ocrx_word' id='word_1_29' title='bbox 2075 1260 2431 1377; x_wconf 84' lang='lat' dir='ltr'>sapientis</span> <span class='ocrx_word' id='word_1_30' title='bbox 2487 1276 2762 1359; x_wconf 62' lang='lat' dir='ltr'>orac&#39;ue·</span> 
     </span>
     <span class='ocr_line' id='line_1_7' title="bbox 1188 1397 2764 1512; baseline -0.003 -23"><span class='ocrx_word' id='word_1_31' title='bbox 1188 1401 1381 1511; x_wconf 78' lang='lat' dir='ltr'>lum,</span> <span class='ocrx_word' id='word_1_32' title='bbox 1425 1397 1922 1512; x_wconf 82' lang='lat' dir='ltr'>nosmetipsos</span> <span class='ocrx_word' id='word_1_33' title='bbox 1971 1397 2411 1485; x_wconf 79' lang='lat' dir='ltr'>familiarius</span> <span class='ocrx_word' id='word_1_34' title='bbox 2459 1407 2764 1490; x_wconf 58' lang='lat' dir='ltr'>noveri-</span> 
     </span>
     <span class='ocr_line' id='line_1_8' title="bbox 1189 1536 2763 1653; baseline 0 -28"><span class='ocrx_word' id='word_1_35' title='bbox 1189 1570 1391 1625; x_wconf 79' lang='lat' dir='ltr'>mus·</span> <span class='ocrx_word' id='word_1_36' title='bbox 1413 1539 1540 1624; x_wconf 89' lang='lat' dir='ltr'>sed</span> <span class='ocrx_word' id='word_1_37' title='bbox 1568 1562 1942 1650; x_wconf 78' lang='lat' dir='ltr'>quatenus</span> <span class='ocrx_word' id='word_1_38' title='bbox 1960 1536 2444 1653; x_wconf 82' lang='lat' dir='ltr'><strong>indulgentes</strong></span> <span class='ocrx_word' id='word_1_39' title='bbox 2466 1538 2763 1647; x_wconf 82' lang='lat' dir='ltr'>insano,</span> 
     </span>
     <span class='ocr_line' id='line_1_9' title="bbox 1193 1673 2768 1791; baseline 0.001 -30"><span class='ocrx_word' id='word_1_40' title='bbox 1193 1678 1422 1791; x_wconf 84' lang='lat' dir='ltr'>atque</span> <span class='ocrx_word' id='word_1_41' title='bbox 1448 1679 1716 1789; x_wconf 77' lang='lat' dir='ltr'>inep&#39;to</span> <span class='ocrx_word' id='word_1_42' title='bbox 1757 1674 2031 1782; x_wconf 65' lang='lat' dir='ltr'>labori,</span> <span class='ocrx_word' id='word_1_43' title='bbox 2078 1673 2276 1761; x_wconf 85' lang='lat' dir='ltr'>ultra</span> <span class='ocrx_word' id='word_1_44' title='bbox 2311 1676 2768 1789; x_wconf 75' lang='lat' dir='ltr'>humilitatis</span> 
     </span>
     <span class='ocr_line' id='line_1_10' title="bbox 1197 1814 2762 1925; baseline -0.001 -24"><span class='ocrx_word' id='word_1_45' title='bbox 1197 1818 1496 1902; x_wconf 78' lang='lat' dir='ltr'>nostrae</span> <span class='ocrx_word' id='word_1_46' title='bbox 1532 1814 1906 1896; x_wconf 85' lang='lat' dir='ltr'>terminos</span> <span class='ocrx_word' id='word_1_47' title='bbox 1935 1843 2365 1925; x_wconf 78' lang='lat' dir='ltr'>evagamur,</span> <span class='ocrx_word' id='word_1_48' title='bbox 2412 1816 2592 1896; x_wconf 89' lang='lat' dir='ltr'>etin</span> <span class='ocrx_word' id='word_1_49' title='bbox 2616 1839 2762 1900; x_wconf 88' lang='lat' dir='ltr'><strong>ter-</strong></span> 
     </span>
     <span class='ocr_line' id='line_1_11' title="bbox 1195 1946 2765 2064; baseline -0.001 -26"><span class='ocrx_word' id='word_1_50' title='bbox 1195 1982 1358 2038; x_wconf 87' lang='lat' dir='ltr'>ram</span> <span class='ocrx_word' id='word_1_51' title='bbox 1394 1949 1709 2064; x_wconf 68' lang='lat' dir='ltr'>projeEti</span> <span class='ocrx_word' id='word_1_52' title='bbox 1734 1946 2042 2033; x_wconf 86' lang='lat' dir='ltr'>coelum</span> <span class='ocrx_word' id='word_1_53' title='bbox 2077 1949 2346 2064; x_wconf 78' lang='lat' dir='ltr'>ipsum,</span> <span class='ocrx_word' id='word_1_54' title='bbox 2383 1974 2458 2032; x_wconf 89' lang='lat' dir='ltr'>et</span> <span class='ocrx_word' id='word_1_55' title='bbox 2493 1949 2645 2062; x_wconf 86' lang='lat' dir='ltr'>ipsa</span> <span class='ocrx_word' id='word_1_56' title='bbox 2669 1951 2765 2037; x_wconf 87' lang='lat' dir='ltr'>fi-</span> 
     </span>
     <span class='ocr_line' id='line_1_12' title="bbox 1196 2085 2772 2200; baseline -0.001 -24"><span class='ocrx_word' id='word_1_57' title='bbox 1196 2094 1375 2197; x_wconf 62' lang='lat' dir='ltr'>deta</span> <span class='ocrx_word' id='word_1_58' title='bbox 1399 2088 1664 2173; x_wconf 85' lang='lat' dir='ltr'>audaci</span> <span class='ocrx_word' id='word_1_59' title='bbox 1684 2088 2096 2200; x_wconf 79' lang='lat' dir='ltr'>cupiditate</span> <span class='ocrx_word' id='word_1_60' title='bbox 2139 2085 2695 2174; x_wconf 85' lang='lat' dir='ltr'>transcendimu</span> <span class='ocrx_word' id='word_1_61' title='bbox 2706 2123 2772 2194; x_wconf 79' lang='grc' dir='ltr'>ε,</span> 
     </span>
     <span class='ocr_line' id='line_1_13' title="bbox 1194 2221 2768 2333; baseline 0 -21"><span class='ocrx_word' id='word_1_62' title='bbox 1194 2226 1315 2312; x_wconf 82' lang='lat' dir='ltr'>vel</span> <span class='ocrx_word' id='word_1_63' title='bbox 1341 2229 1552 2312; x_wconf 84' lang='lat' dir='ltr'>hunc</span> <span class='ocrx_word' id='word_1_64' title='bbox 1578 2233 1914 2309; x_wconf 72' lang='lat' dir='ltr'><strong>errorem</strong></span> <span class='ocrx_word' id='word_1_65' title='bbox 1948 2221 2235 2327; x_wconf 81' lang='lat' dir='ltr'><strong>saltem,</strong></span> <span class='ocrx_word' id='word_1_66' title='bbox 2271 2256 2437 2333; x_wconf 83' lang='lat' dir='ltr'>non</span> <span class='ocrx_word' id='word_1_67' title='bbox 2460 2231 2671 2311; x_wconf 87' lang='lat' dir='ltr'>vanis</span> <span class='ocrx_word' id='word_1_68' title='bbox 2691 2254 2768 2312; x_wconf 79' lang='lat' dir='ltr'>et</span> 
     </span>
     <span class='ocr_line' id='line_1_14' title="bbox 1201 2359 2766 2473; baseline -0.001 -19"><span class='ocrx_word' id='word_1_69' title='bbox 1201 2359 1725 2454; x_wconf 84' lang='lat' dir='ltr'>formidolofis</span> <span class='ocrx_word' id='word_1_70' title='bbox 1736 2361 2238 2472; x_wconf 74' lang='lat' dir='ltr'>opinionibus</span> <span class='ocrx_word' id='word_1_71' title='bbox 2257 2360 2766 2473; x_wconf 76' lang='lat' dir='ltr'>implicemus,</span> 
     </span>
     <span class='ocr_line' id='line_1_15' title="bbox 1202 2493 2768 2613; baseline -0.001 -26"><span class='ocrx_word' id='word_1_72' title='bbox 1202 2503 1352 2587; x_wconf 87' lang='lat' dir='ltr'>smt</span> <span class='ocrx_word' id='word_1_73' title='bbox 1380 2493 1763 2613; x_wconf 86' lang='lat' dir='ltr'>principio</span> <span class='ocrx_word' id='word_1_74' title='bbox 1802 2502 2161 2584; x_wconf 86' lang='lat' dir='ltr'>omniurn</span> <span class='ocrx_word' id='word_1_75' title='bbox 2188 2499 2471 2584; x_wconf 81' lang='lat' dir='ltr'>semina</span> <span class='ocrx_word' id='word_1_76' title='bbox 2499 2526 2768 2612; x_wconf 76' lang='lat' dir='ltr'>natura</span> 
     </span>
     <span class='ocr_line' id='line_1_16' title="bbox 1204 2634 2773 2751; baseline 0 -26"><span class='ocrx_word' id='word_1_77' title='bbox 1204 2646 1289 2726; x_wconf 83' lang='lat' dir='ltr'>in</span> <span class='ocrx_word' id='word_1_78' title='bbox 1313 2636 1391 2724; x_wconf 85' lang='lat' dir='ltr'>se</span> <span class='ocrx_word' id='word_1_79' title='bbox 1425 2659 1758 2722; x_wconf 85' lang='lat' dir='ltr'><strong>coeunte</strong></span> <span class='ocrx_word' id='word_1_80' title='bbox 1781 2634 2118 2722; x_wconf 85' lang='lat' dir='ltr'><strong>densata:</strong></span> <span class='ocrx_word' id='word_1_81' title='bbox 2168 2639 2345 2751; x_wconf 87' lang='lat' dir='ltr'>quis</span> <span class='ocrx_word' id='word_1_82' title='bbox 2358 2639 2489 2723; x_wconf 76' lang='lat' dir='ltr'>hic‘</span> <span class='ocrx_word' id='word_1_83' title='bbox 2506 2649 2773 2725; x_wconf 58' lang='lat' dir='ltr'>aufior</span> 
     </span>
     <span class='ocr_line' id='line_1_17' title="bbox 1204 2770 2772 2869; baseline 0.001 -7"><span class='ocrx_word' id='word_1_84' title='bbox 1204 2782 1451 2869; x_wconf 85' lang='lat' dir='ltr'>Deus?</span> <span class='ocrx_word' id='word_1_85' title='bbox 1472 2775 1623 2859; x_wconf 88' lang='lat' dir='ltr'>fint</span> <span class='ocrx_word' id='word_1_86' title='bbox 1642 2770 1983 2859; x_wconf 70' lang='lat' dir='ltr'>fortuitis</span> <span class='ocrx_word' id='word_1_87' title='bbox 2000 2774 2630 2861; x_wconf 65' lang='lat' dir='ltr'>concursionibus</span> <span class='ocrx_word' id='word_1_88' title='bbox 2653 2802 2772 2863; x_wconf 88' lang='lat' dir='ltr'>to·-</span> 
     </span>
     <span class='ocr_line' id='line_1_18' title="bbox 1208 2908 2771 3028; baseline -0.001 -27"><span class='ocrx_word' id='word_1_89' title='bbox 1208 2916 1368 3001; x_wconf 87' lang='lat' dir='ltr'>tius</span> <span class='ocrx_word' id='word_1_90' title='bbox 1403 2910 1680 2997; x_wconf 84' lang='lat' dir='ltr'>mundi</span> <span class='ocrx_word' id='word_1_91' title='bbox 1730 2908 2077 2997; x_wconf 85' lang='lat' dir='ltr'><strong>membra</strong></span> <span class='ocrx_word' id='word_1_92' title='bbox 2112 2910 2412 3015; x_wconf 84' lang='lat' dir='ltr'>coalita,</span> <span class='ocrx_word' id='word_1_93' title='bbox 2469 2914 2771 3028; x_wconf 87' lang='lat' dir='ltr'>digesta,</span> 
     </span>
     <span class='ocr_line' id='line_1_19' title="bbox 1210 3049 2779 3161; baseline -0.002 -21"><span class='ocrx_word' id='word_1_94' title='bbox 1210 3049 1581 3140; x_wconf 78' lang='lat' dir='ltr'>formata:</span> <span class='ocrx_word' id='word_1_95' title='bbox 1612 3052 1781 3161; x_wconf 88' lang='lat' dir='ltr'>quis</span> <span class='ocrx_word' id='word_1_96' title='bbox 1799 3049 2020 3134; x_wconf 88' lang='lat' dir='ltr'>Deus</span> <span class='ocrx_word' id='word_1_97' title='bbox 2039 3051 2564 3136; x_wconf 83' lang='lat' dir='ltr'>machinator?</span> <span class='ocrx_word' id='word_1_98' title='bbox 2586 3052 2779 3140; x_wconf 87' lang='lat' dir='ltr'>fide-</span> 
     </span>
     <span class='ocr_line' id='line_1_20' title="bbox 1214 3186 2777 3301; baseline -0.003 -24"><span class='ocrx_word' id='word_1_99' title='bbox 1214 3193 1297 3277; x_wconf 72' lang='lat' dir='ltr'>ra</span> <span class='ocrx_word' id='word_1_100' title='bbox 1319 3186 1501 3275; x_wconf 79' lang='lat' dir='ltr'><strong>licet</strong></span> <span class='ocrx_word' id='word_1_101' title='bbox 1519 3189 1719 3301; x_wconf 89' lang='lat' dir='ltr'>ignis</span> <span class='ocrx_word' id='word_1_102' title='bbox 1748 3190 2204 3292; x_wconf 83' lang='lat' dir='ltr'><strong>accenderit,</strong></span> <span class='ocrx_word' id='word_1_103' title='bbox 2232 3214 2310 3275; x_wconf 90' lang='lat' dir='ltr'>et</span> <span class='ocrx_word' id='word_1_104' title='bbox 2344 3188 2648 3275; x_wconf 87' lang='lat' dir='ltr'>coelum</span> <span class='ocrx_word' id='word_1_105' title='bbox 2681 3189 2777 3274; x_wconf 73' lang='lat' dir='ltr'>li-</span> 
     </span>
     <span class='ocr_line' id='line_1_21' title="bbox 1216 3312 2774 3446; baseline -0.003 -29"><span class='ocrx_word' id='word_1_106' title='bbox 1216 3350 1338 3417; x_wconf 86' lang='lat' dir='ltr'>cet</span> <span class='ocrx_word' id='word_1_107' title='bbox 1370 3324 1500 3418; x_wconf 81' lang='lat' dir='ltr'>sua</span> <span class='ocrx_word' id='word_1_108' title='bbox 1531 3330 1847 3438; x_wconf 61' lang='lat' dir='ltr'>materis</span> <span class='ocrx_word' id='word_1_109' title='bbox 1877 3312 2374 3446; x_wconf 81' lang='lat' dir='ltr'>suspenderit:</span> <span class='ocrx_word' id='word_1_110' title='bbox 2411 3325 2590 3416; x_wconf 86' lang='lat' dir='ltr'>licet</span> <span class='ocrx_word' id='word_1_111' title='bbox 2623 3352 2774 3416; x_wconf 83' lang='lat' dir='ltr'><strong>ter-</strong></span> 
     </span>
    </p>
   </div>
  </div>
 </body>
</html>
