3649 4681
1296 564 1301 569 ·
1435 510 1966 609 ocravwsss
2386 547 2503 631 45

936 688 1125 781 orbe
1153 683 1415 775 diffusa
1437 685 1638 790 sunt,
1677 710 1757 771 et
1777 713 1932 772 tam
1966 688 2226 800 magni
2257 690 2499 798 irnpe-

933 832 1025 914 rii
1049 830 1245 912 duos
1280 824 1595 912 fortuna
1643 855 1810 909 non
1852 827 2126 937 coepit.
2173 826 2340 909 vide
2370 859 2491 913 ce-

928 989 1107 1057 tera·
1136 994 1300 1053 ,rex
1346 992 1548 1046 unus
1597 961 1889 1072 apibus,
1946 963 2103 1047 dux
2158 991 2360 1046 unus
2407 967 2488 1049 in

924 1099 1307 1213 gregibus,
1345 1100 1814 1211 in.armentis
1839 1105 2083 1189 testor
2109 1125 2353 1185 unus:
2402 1124 2507 1195 tu.

926 1239 1011 1322 in
1068 1233 1290 1327 coelo
1334 1231 1704 1317 summam
1755 1236 2199 1346 potestatem
2253 1236 2508 1321 dividi.

928 1373 1211 1473 credas,
1233 1396 1310 1456 et
1325 1369 1561 1468 scindi
1575 1374 1728 1455 veri
1748 1370 1944 1457 illius
1982 1401 2070 1455 ac
2092 1372 2326 1461 divini
2343 1376 2489 1457 im·

924 1511 1112 1624 perii
1137 1532 1378 1593 totam
1395 1511 1886 1620 potestatem?
1926 1539 2105 1595 cum
2126 1499 2377 1621 palam
2395 1507 2489 1593 fit

924 1669 1319 1759 parentem
1345 1648 1701 1729 omnium
1735 1645 2000 1727 Deum
2035 1674 2178 1727 nec
2207 1648 2487 1753 princi-

925 1782 1137 1894 pium
1160 1776 1469 1889 habere,
1490 1790 1495 1795 ’
1518 1805 1663 1858 nec
1686 1778 2100 1863 terminum
2121 1814 2143 1876 3
2179 1780 2312 1892 qui
2345 1809 2486 1864 na·-

928 1919 1289 2001 tivitatem
1312 1911 1678 2000 omnibus
1695 1915 2034 2023 praestet,
2056 1913 2195 2002 fibi
2214 1945 2488 2027 perpe-

927 2056 1313 2163 guitatemss
1342 2053 1673 2160 quiante
1687 2050 2070 2137 mundum
2093 2048 2324 2137 fuerit
2344 2052 2486 2139 fibi

925 2187 1077 2300 ipse
1089 2216 1233 2298 pro
1244 2187 1544 2275 mundo
1550 2223 1571 2286 3
1586 2182 2076 2296 qui‘univerfi
2097 2217 2484 2298 quaecum

928 2358 1076 2436 que
1100 2322 1299 2423 sunt,
1335 2321 1570 2412 verbo
1596 2320 1846 2435 jubet,
1868 2325 2170 2440 ratique,
2190 2325 2481 2436 dispen-

925 2459 1059 2562 sat,·
1091 2458 1896 2577 virtute'consnmmat.
1925 2461 2062 2544 'hic
2084 2493 2227 2546 nec
2249 2463 2482 2550 videri

926 2600 1193 2710 potest,
1240 2593 1393 2686 visu
1436 2594 1707 2677 clarior
1747 2598 1858 2680 est
1875 2608 1910 2693 ς’
1954 2625 2097 2710 nec
2134 2627 2485 2706 compre-

926 2736 1161 2820 hendi
1183 2734 1450 2846 potest,
1478 2738 1681 2821 ῖαᾶιι
1695 2732 2133 2841 puriore&
2160 2764 2305 2817 nec
2329 2731 2486 2818 aess.

927 2874 1198 2969 timari,
1245 2868 1574 2958 sensibus
1627 2872 1875 2979 major
1923 2873 2051 2969 est,
2104 2873 2491 2975 infinitu3,'.

925 3002 1363 3104 immensum,
1398 3028 1475 3087 et
1507 3002 1644 3089 soli
1667 3003 1829 3104 fibi,
1868 3029 2123 3089 tantus
2147 3030 2485 3117 quantus

925 3145 1053 3256 ¹?st²
1100 3164 1358 3232 notus.
1401 3141 1630 3230 nobis
1664 3170 1852 3242 vero
1874 3143 1965 3224 ad
2005 3141 2474 3230 intelleftum

924 3288 1181 3390 pestus
1215 3279 1616 3392 angustum
1650 3278 1789 3366 est:
1828 3302 1906 3366 et
1939 3279 2114 3400 ideo
2158 3281 2259 3368 fic
2298 3310 2486 3379 eum
