3649 4681
1449 584 1560 644 OC
1574 585 1635 647 Τ
1650 587 1703 647 A
1713 586 1773 645 V
1785 583 1814 642 Ι
1830 585 1964 644 US»
2440 600 2493 685 9

904 759 1065 842 que
1085 723 1781 829 confidaS‚‘nullu1'11
1807 728 2203 840 negotium
2230 729 2335 813 est
2351 760 2483 843 pa-

915 865 1267 971 tefacere,
1305 869 1569 953 omnia
1591 870 1673 952 in
1702 865 1930 950 rebus
1954 864 2315 951 humanis
2341 868 2480 952 du-

911 1003 1061 1105 bia,
1095 1007 1409 1102 incerta,
1452 1001 1832 1112 suspensa:
1887 1001 2274 1112 magisque
2308 1035 2481 1091 om-

910 1143 1037 1224 nia
1059 1135 1507 1236 verifimilia,
1531 1165 1767 1248 quam
1789 1140 1987 1219 vera.
2013 1165 2198 1247 ‘quo
2216 1141 2477 1225 minus

906 1280 1190 1360 mirum
1219 1278 1347 1377 est,
1401 1272 1828 1358 nonnullos
1876 1275 2127 1356 taedio
2183 1281 2479 1363 investi·-

906 1415 1200 1528 gandae
1216 1415 1521 1525 penitus
1536 1413 1860 1497 veritatis
1882 1409 2201 1495 cuilibet
2225 1416 2475 1525 opini-

906 1555 1044 1637 oni
1070 1554 1379 1634 'temere
1397 1547 1914 1653 succumbere,
1964 1579 2197 1661 quam
2231 1554 2315 1635 in
2345 1583 2473 1639 ex-

904 1688 1282 1800 plorando
1309 1691 1685 1797 pertinaci
1710 1686 2099 1797 diligentia
2136 1686 2471 1798 perseve-

904 1855 1091 1910 rare.
1114 1823 1940 1936 itaqueindignandum
1955 1821 2469 1926 omnibus,in-

899 1960 1590 2072 dolescendumque
1616 1964 1744 2061 est,
1767 1962 2044 2044 audere
2071 1959 2465 2072 quosdam,

895 2126 973 2184 et
993 2101 1146 2182 hoc
1167 2097 1584 2180 studiorum
1607 2099 1858 2195 rudes,
1887 2095 2272 2182 literarum
2286 2129 2465 2211 pro-

893 2235 1151 2338 fanm,
1174 2259 1530 2348 expertes
1555 2234 1829 2320 artium
1861 2237 2093 2319 etiam
2130 2232 2462 2321 sordida-

892 2407 1092 2476 rum,
1121 2399 1414 2460 certum
1438 2372 1729 2486 aliquid·
1748 2377 1843 2458 de
1866 2371 2156 2460 summa
2177 2404 2456 2480 rerum,

889 2544 977 2597 ac
1003 2518 1151 2626 maj
1161 2516 1382 2597 estate
1408 2514 1838 2614 decernere,
1858 2514 1952 2595 de
1965 2513 2127 2624 'qna
2151 2536 2270 2595 tot
2288 2542 2458 2596 om-

888 2650 1118 2735 nibus
1141 2647 1404 2732 seculis
1428 2647 1788 2732 festarum
1812 2647 2312 2761 plurimarum
2336 2649 2455 2732 us-

888 2817 1038 2898 que
1075 2788 1329 2871 adhuc
1355 2782 1507 2900 ipsa
1534 2783 2016 2897 philesophia
2049 2784 2450 2870 deliberat.

886 2955 1029 3009 nec
1076 2927 1460 3006 iinmerito
1486 2958 1508 3019 ;
1561 2954 1739 3006 cum
1784 2931 2084 3006 tantu'm
2119 2921 2309 3005 abfit
2350 2923 2451 3008 ab

885 3059 1407 3171 exploratione
1426 3059 1676 3142 divina
1692 3061 2029 3143 huma‘na
2043 3060 2448 3146 mediocri·

884 3222 1023 3300 taS,
1052 3222 1141 3280 ut
1158 3198 1411 3307 neque
1431 3196 1860 3308 quae'supra
1887 3201 2033 3280 no's
2058 3196 2279 3282 coelo
2299 3195 2448 3280 sus-

884 3336 1109 3447 pensa
1154 3333 1440 3421 sublata
1470 3331 1667 3449 sunt,
1709 3337 1961 3449 neq'ue
1983 3363 2198 3451 ‘quae
2238 3331 2444 3421 infra

1116 3489 1143 3522 ·
1622 3471 1697 3554 Β
