3649 4681
1265 606 1273 610 ’
1387 590 1928 653 ·ocTAv1Us-.
1976 598 1981 607 '
2305 590 2447 649 101

891 736 1127 827 nullis
1152 736 1538 851 disciplina
1559 739 1809 821 nostra
1832 737 2092 820 minor
2109 738 2236 836 est3
2258 735 2456 820 mul-

893 901 981 960 to
1007 902 1264 963 tamen
1286 876 1504 962 vobis
1540 872 1893 985 meliores
1917 874 2457 986 *deprehende-

891 1043 1090 1097 mur.
1132 1046 1267 1097 vos
1322 1016 1530 1096 enim
1584 1010 1948 1100 adult'eria
2002 1011 2455 1123 prohibetis,

888 1172 981 1240 et·
992 1147 1239 1232 facitis
1268 1189 1291 1250 3
1330 1181 1474 1233 nos
1497 1147 1863 1233 uxoribus
1886 1152 2155 1231 nostris
2175 1137 2457 1232 solurn-

892 1288 1135 1371 modo
1154 1291 1291 1371 viri
1312 1287 1708 1372 nascimur.
1733 1317 1870 1370 vos
1898 1285 2168 1370 scelera
2187 1283 2458 1370 admis-

892 1420 966 1513 sa
999 1429 1280 1537 punitis
1310 1465 1332 1528 3
1369 1427 1568 1537 apud
1615 1457 1774 1509 nos,
1815 1449 1893 1508 et
1928 1429 2259 1538 cogitare
2281 1457 2458 1537 pec-

896 1592 1065 1655 care
1100 1567 1250 1650 est:
1292 1594 1425 1646 vos
1456 1563 1801 1647 conscios
1839 1566 2168 1662 timetis;
2207 1562 2351 1645 nos
2379 1594 2458 1645 e-

893 1702 1078 1792 tiam
1110 1699 1648 1781 conscientiam
1674 1695 1935 1795 solam,
1954 1696 2118 1787 fine
2141 1728 2288 1807 qua
2314 1697 2459 1783 effe

897 1863 1063 1921 non
1095 1831 1509 1944 possumus.
1560 1832 1891 1942 deniqne
1935 1832 2028 1915 de
2046 1837 2285 1933 vestro
2312 1864 2457 1917 nu-

898 2001 1114 2055 mero
1138 1998 1386 2055 carcer
1406 1972 1815 2052 exaestuat:
1857 1969 2332 2055 Christianus
2350 1970 2457 2054 ibi

899 2106 1183 2209 nullus,
1243 2107 1383 2191 nisi
1420 2131 1551 2190 aut
1606 2136 1776 2191 reus
1803 2103 2004 2217 'suae
2049 2106 2456 2220 religionis,

899 2246 1453 2358 autprofugus.
1526 2276 1692 2330 nec:
1712 2247 1807 2328 de
1850 2241 2017 2328 fato
2066 2245 2464 2357 quisquam.

898 2408 1030 2466 aut
1049 2381 1398 2472 solatium
1423 2395 1696 2496 captet,
1720 2409 1850 2469 aut
1869 2381 2167 2467 excuset
2189 2421 2211 2484 ;
2236 2415 2461 2467 even-

900 2546 1068 2605 tum
1101 2521 1192 2603 fit
1227 2519 1443 2603 sortis
1470 2523 1538 2601 F
1543 2543 1903 2618 ortunac,·
1934 2550 2154 2603 mens
2202 2545 2460 2605 tamen

899 2657 1294 2746 libera-est:
1334 2680 1409 2738 et
1432 2659 1607 2743 ideo.
1645 2663 1853 2741 astus
1892 2655 2461 2755 hominissnon

902 2798 1228 2907 dignitas
1248 2794 1659 2907 judicatur.
1682 2792 1866 2903 quid
1893 2797 2099 2877 enim
2136 2791 2338 2901 aliud
2359 2798 2462 2876 est

903 2930 1174 3032 fatum,
1200 2961 1430 3039 quam
1451 2919 1658 3041 quod
1680 2930 1772 3012 de
1792 2960 2267 3041 unoquoque
2290 2928 2465 3013 nos*—

903 3093 1108 3154 trum
1134 3070 1351 3150 Deus
1389 3065 1594 3150 fatus
1630 3068 1771 3150 est?
1830 3070 1985 3178 qui,
2026 3079 2201 3152 cum
2237 3069 2464 3180 poffit

909 3202 1266 3317 praescire
1286 3207 1845 3317 materiam‚pro
1868 3208 2152 3288 meritis
2175 3230 2249 3287 et
2275 3236 2462 3315 qua-

906 3341 1242 3431 litatibus
1278 3342 1751 3459 singulorum
1787 3344 2013 3433 etiam
2039 3341 2196 3431 fata
2220 3345 2466 3427 deten-
